3052 5130
18 796 42 893 “’1,-
73 857 76 865 .
157 805 261 889 eaput
292 802 449 870 altorum:
491 799 537 866 De
562 801 732 886 participii
762 799 869 868 futuri
899 802 1002 869 aotivi
1033 801 1340 886 111111111111111,

14 952 18 961 .
245 906 278 981 Q.
302 905 448 974 (1111111111
469 906 595 985 Rufum,
616 907 738 974 Julium
758 906 886 974 Illorum
906 927 969 975 usu
991 905 1243 976 observationes.

652 1118 845 1191 conspectus.

158 1268 279 1340 Caputl
298 1271 405 1334 51-3.
423 1271 634 1329 Peroensentur
652 1271 778 1328 virorum
807 1273 958 1328 doctorum
977 1271 1013 1326 de
1038 1269 1195 1339 participio
1219 1270 1253 1343 „in
1272 1286 1340 1325 urus

420 1365 544 1421 cadente
563 1365 736 1426 sententiae.
1056 1383 1058 1387 ’

325 1509 340 1570 5
362 1504 388 1558 4.
423 1500 592 1570 Propositio
611 1508 642 1559 et
660 1503 838 1561 distributio.

157 1641 251 1711 eaput
261 1642 287 1697 ll
305 1643 414 1711 §5-7.
431 1642 488 1696 Pro
508 1642 592 1698 varia
620 1659 704 1714 quam
733 1643 867 1700 exhibent
887 1641 1101 1714 significatione
1131 1643 1341 1699 distribuuntur

424 1741 455 1791 et
472 1744 675 1794 enumerantur
694 1738 835 1808 exempla

158 1871 253 1942 Caput
270 1873 312 1928 III
330 1877 345 1938 ξ
364 1874 443 1932 8-9.
473 1875 640 1945 Quaeritur,
658 1878 803 1933 habeatne
821 1878 921 1934 Livius
948 1895 1002 1948 pro
1021 1879 1143 1949 singulis
1169 1880 1265 1950 operis
1297 1879 1342 1933 sui

427 1970 560 2037 partibus
587 1973 617 2026 in
640 1988 694 2028 usu
722 1971 924 2043 amplificando
954 1974 1175 2045 exornandoqne
1205 1988 1339 2045 progres-

431 2079 537 2120 1111111.

158 2199 253 2268 eaput
272 2200 311 2256 lV
330 2201 347 2270 5
366 2202 410 2259 10.
430 2201 508 2268 Quae
539 2205 616 2260 ratio
635 2205 712 2263 inter
729 2224 811 2264 usum
829 2207 979 2277 participii
998 2207 1148 2262 Livianum
1178 2210 1209 2261 et
1229 2205 1340 2262 Curtia-

433 2313 498 2351 num
516 2296 691 2356 intercedat.
800 2297 801 2301 ’

21 2426 24 2433 '
117 2478 121 2489 s
158 2433 253 2503 Caput
270 2435 297 2491 V
317 2439 333 2500 ᾖ
353 2436 395 2490 11.
433 2432 508 2499 Quid
525 2437 624 2508 colligi
644 2439 741 2508 possit
770 2440 1007 2508 eoomparandis
1027 2437 1182 2505 exemplis,
1202 2451 1275 2506 quae
1295 2451 1343 2490 ex·

428 2532 510 2584 stant
527 2529 557 2584 in
574 2546 681 2600 genere
700 2533 816 2589 dicendi
836 2539 867 2590 et
884 2535 1024 2590 historico
1045 2537 1076 2588 et
1096 2531 1234 2587 oratorio.

320 2669 398 2734 512.
420 2668 599 2731 ¹Peroratio:
620 2671 771 2730 Collectio

241 2979 369 3063 Operae
391 2982 524 3064 pretium
548 3001 599 3047 me
619 2983 773 3048 facturum
795 3002 866 3049 esse
886 3001 998 3067 spero,
1020 2983 1048 3046 si
1068 2980 1229 3065 participii
1250 2979 1345 3045 futuri

158 3080 253 3145 activi
276 3099 365 3146 usum
386 3082 569 3167 Liuianum,
604 3102 696 3165 quem
729 3101 833 3165 neque
860 3090 959 3148 totum
986 3084 1091 3148 adhue
1118 3087 1344 3167 pertractatum

45 3190 50 3199 '
160 3200 355 3266 essentque
378 3204 431 3265 ea,
453 3203 516 3267 qua
537 3184 592 3249 fiat
612 3204 744 3250 neeesse
766 3191 822 3261 est,
844 3184 1017 3249 subtilitate
1039 3183 1203 3263 existimo,
1227 3187 1345 3264 quanta

160 3300 288 3365 possum
316 3283 483 3366 diligentia
514 3285 746 3369 exploraverim
780 3292 875 3366 atque
908 3275 1109 3368 exposuerim
1131 3283 1282 3348 adhibitis
1304 3281 1345 3344 ad

65 3386 68 3391 ’
160 3384 405 3468 comparandum
442 3390 473 3450 et
506 3385 745 3463 illustrandum,
789 3385 842 3467 qui
881 3385 1042 3452 imitantur
1073 3384 1214 3463 Livium,
1247 3382 1345 3465 serip-

159 3483 289 3549 toribus.

645 3667 863 3753 daputl.

722 3819 795 3897 §L

245 3947 370 4030 ltaque,
403 3963 444 4008 ne
465 3943 695 4028 improbentur,
733 3964 814 4027 quae
836 3945 876 4009 de
897 3943 1030 4011 Liuiano
1058 3964 1116 4011 11111
1137 3943 1238 4011 minus
1261 3951 1346 4011 reete

162 4048 301 4114 iudicato
322 4045 495 4127 affirmavi,
530 4046 625 4112 liceat
648 4045 724 4108 mibi
745 4046 855 4128 paucis
877 4045 981 4110 verbis
1002 4045 1162 4129 proferre,
1184 4066 1267 4130 quae
1289 4045 1347 4112 lra-

164 4151 273 4215 bemus
295 4147 335 4212 de
356 4146 524 4231 participio
545 4146 640 4211 futuri
662 4145 757 4211 aotivi
785 4151 958 4230 praerepta
986 4147 1261 4229 grammaticorum
1293 4166 1347 4213 no-

164 4254 249 4316 strae
280 4247 415 4313 aetatis:
458 4250 540 4312 Ante
567 4266 677 4313 omnes
709 4248 947 4314 commemorari
975 4248 1091 4313 debent
1112 4248 1292 4331 Madvigius
1315 4255 1347 4314 ot
