3052 5130
659 622 865 688 -27—

171 827 222 889 ea,
244 826 324 890 quae
346 809 439 874 modo
461 807 595 892 exposui
617 813 649 872 ct
670 808 870 892 expositurus
892 792 980 887 sum,
991 806 1028 872 G.
1037 805 1223 871 Bernhardii
1245 801 1353 887 verba,

170 927 251 991 quae
265 908 296 972 in
307 907 378 972 hist.
390 908 435 973 lit.
451 909 504 974 lat.
520 909 584 994 (ed.
594 915 621 975 5.
636 908 709 972 anni
721 909 981 992 1872lleguntur:
996 906 1148 990 „Endlich
1160 905 1293 970 beneist
1303 905 1356 970 die

171 1009 313 1092 Sprache
333 1009 390 1073 des
414 1010 520 1075 Livius
541 1010 616 1074 lrein
639 1008 788 1091 geringes
811 1008 932 1075 Talent.
971 1008 1064 1087 Zyvar
1085 1007 1208 1073 erwarb
1229 1006 1276 1072 sie
1298 1024 1356 1071 nur

84 1156 93 1167 -
172 1109 479 1193 mtissigenllinfluss
501 1110 559 1176 auf
578 1109 629 1173 die
651 1109 976 1190 nachfolgendeZeit,
997 1109 1060 1173 und
1077 1107 1356 1190 dieWendungen,
1477 1136 1480 1143 ·

170 1211 290 1277 welche
313 1211 366 1276 die
387 1211 542 1276 Literatur
564 1215 655 1275 uuter
676 1209 736 1274 den
759 1209 895 1274 Kaisern
928 1209 1041 1290 nahm,
1076 1209 1193 1275 liessen
1225 1227 1283 1272 nur
1303 1202 1372 1273 die'
1463 1210 1467 1219 '

170 1311 399 1377 Salluslischen
422 1311 556 1376 Formen
577 1329 632 1375 nur
654 1308 791 1392 Geltung
823 1310 989 1390 kommen3
1021 1309 1098 1381 aber
1119 1309 1356 1392 Phraseologie,

172 1412 404 1494 Sprachschatn
445 1413 509 1476 und
552 1410 692 1476 Satz'bau
729 1410 890 1493 bezeugen
934 1411 1025 1476 einen
1067 1409 1255 1475 denkenden
1291 1409 1355 1474 und

171 1512 429 1597 schdpferischen
455 1511 546 1594 Kopf
579 1511 643 1575 und
672 1511 832 1576 euthalten
859 1509 1103 1576 verdienstliche
1124 1510 1273 1591 Beitrttge
1305 1508 1356 1573 sur

172 1613 223 1703 die
262 1613 470 1696 Fortbildung
501 1614 558 1677 der
595 1611 755 1676 Latinitas.
805 1611 1019 1678 Unbeslritten
1052 1630 1118 1675 war
1152 1610 1261 1675 Livius
1299 1609 1356 1673 der
1459 1662 1481 1700 .·

170 1715 282 1779 aweite
305 1732 416 1798 grosse
438 1712 608 1777 Prosaiker
636 1712 694 1777 der
713 1713 844 1793 Riimer,
879 1713 936 1778 der
966 1711 998 1776 in
1019 1710 1269 1794 Wortgebreuch
1291 1709 1356 1775 und
1378 1720 1379 1725 ’

171 1814 358 1879 Strukturen
391 1813 501 1879 seinen
536 1813 670 1895 eigenen
687 1812 769 1896 Weg
803 1813 881 1896 geht
908 1811 971 1878 und
994 1811 1038 1876 oft
1058 1832 1120 1876 von
1143 1811 1255 1876 Oicero
1288 1810 1355 1876 sich
1467 1872 1470 1879 .

171 1914 332 1980 entiernt.“

253 2057 287 2123 Si
308 2059 535 2143 perlustramus
567 2057 715 2141 exempla
736 2057 881 2138 Liviana,
914 2058 1071 2140 quomodo
1104 2058 1167 2122 sint
1189 2056 1356 2123 distributa
1423 2130 1425 2134 μ

170 2160 203 2224 in
225 2160 368 2240 singulas
390 2160 494 2242 operis
518 2156 585 2222 eius
606 2164 732 2242 partes,
765 2159 796 2222 in
818 2159 922 2243 prima
943 2158 1064 2222 decade
1086 2156 1273 2241 parcissime
1295 2156 1365 2221 hac*

170 2259 316 2325 libertate
338 2262 381 2324 uti
412 2279 483 2326 eum
507 2277 754 2342 cognoscemus,
788 2258 976 2344 saepissime
1003 2265 1107 2323 autem
1129 2258 1161 2322 in
1183 2258 1291 2338 tertia,
1323 2257 1356 2321 in

61 2367 64 2372 '
171 2366 284 2443 quarta
312 2360 556 2442 haudquaquam
591 2361 764 2424 studiosum
790 2378 860 2424 esse
890 2360 973 2442 eius,
1012 2360 1043 2423 in
1065 2358 1207 2440 reliquiis
1238 2363 1341 2422 autem

172 2461 300 2542 quintae
322 2463 404 2524 hanc
426 2460 584 2525 licentium
608 2460 701 2524 certis
723 2460 836 2524 tinibus
859 2459 1125 2543 circumscriptam
1148 2478 1186 2524 eo
1208 2457 1355 2523 libentius

169 2561 337 2626 admisisse
358 2581 439 2626 cum.

255 2706 343 2771 Haec
364 2706 527 2790 aptissime
550 2708 707 2789 quadrare
738 2707 779 2771 ad
808 2707 928 2770 varium
960 2704 1108 2770 librorum
1138 2711 1355 2789 argumentum

172 2807 330 2872 affirmare
352 2806 453 2872 ausim
482 2814 514 2871 et
545 2807 586 2872 ad
609 2807 817 2891 componendi
844 2807 995 2872 sermonis
1023 2807 1175 2870 rationem
1196 2807 1355 2890 propriam

171 2909 364 2990 singularum
387 2907 558 2973 decadum:
596 2908 633 2972 In
656 2909 757 2991 prima
778 2910 861 2973 enim
884 2907 1015 2988 decade,
1038 2908 1090 2971 ubi
1112 2907 1277 2971 Liuianum
1299 2926 1354 2990 ge-
1461 2944 1466 2953 -

171 3028 229 3074 nus
250 3009 375 3074 dicendi
397 3008 508 3092 incipit
527 3009 717 3074 conformari
739 3009 909 3075 aduertam
929 3028 1080 3089 normam,
1103 3008 1224 3073 levibus
1246 3008 1356 3072 variis·

172 3130 232 3193 que
255 3128 334 3180 usus¹
351 3109 448 3174 initiis
471 3111 676 3189 occurrimus3
700 3111 731 3172 in
753 3110 846 3173 tertia
866 3108 998 3188 decade,
1021 3128 1061 3172 ex
1080 3129 1144 3192 qua
1165 3114 1288 3174 omnem
1310 3108 1356 3172 ni·
1416 3107 1422 3118 '

171 3217 270 3275 torem
293 3210 472 3292 cultumque
492 3211 643 3275 orationis
665 3210 817 3275 Livianae
839 3211 1011 3274 enitescere
1034 3215 1173 3287 constat,
1207 3216 1238 3274 et
1259 3208 1356 3273 auda·

170 3310 251 3374 ciam
273 3310 434 3394 scriptoris
456 3311 579 3375 elucere
601 3317 632 3374 et
651 3311 829 3376 libertatem
851 3317 986 3395 apparet
1019 3329 1121 3393 neque
1151 3310 1356 3376 deesseillas
1397 3337 1399 3343 ·
1478 3364 1481 3369 .

173 3411 326 3475 sermonis
347 3411 576 3496 proprietates,
610 3410 694 3493 quod
717 3411 757 3474 ad
781 3419 924 3492 quartam
947 3411 1114 3491 decadem,
1145 3412 1177 3474 in
1200 3430 1263 3493 qua
1286 3430 1355 3475 cum
1462 3444 1466 3457 »

171 3529 294 3590 rerum,
328 3528 410 3591 quae
432 3517 608 3590 narrantur,
629 3511 692 3575 vim
715 3520 778 3576 tum
801 3511 952 3576 orationis
975 3512 1113 3576 alacrem
1134 3511 1355 3576 incitatiorem·

88 3597 90 3601 ¹
172 3630 233 3693 que
255 3629 380 3675 cursum
403 3610 578 3675 desiderari
610 3629 832 3692 nonnunquam
854 3611 1010 3676 neminem
1030 3611 1128 3693 sugit,
1149 3613 1356 3696 languescere

171 3718 202 3776 ct
223 3717 347 3795 torpere
367 3711 504 3776 studium
526 3731 625 3776 novas
653 3711 889 3794 exquisitasque
911 3713 1119 3796 componendi
1151 3712 1355 3777 constructio·

170 3829 227 3876 nes
252 3813 323 3894 quis
345 3812 500 3877 miretur?
544 3813 579 3878 ln
601 3812 689 3877 libris
712 3819 826 3894 autem,
850 3812 903 3896 qui
925 3821 1093 3897 supersunt
1114 3815 1241 3898 quintae
1263 3813 1355 3878 deca·
1457 3830 1460 3835 ·

171 3911 219 3977 dis
242 3912 384 3978 stabilita
405 3912 468 3976 iam
491 3919 522 3977 et
542 3911 666 3977 firmata
688 3912 880 3994 elocutione,
916 3915 1067 3980 audacior
1100 3916 1155 3980 illa
1176 3913 1356 3998 participio·

170 4031 239 4077 rum
273 4013 419 4079 iunctura
453 4013 577 4078 videtur
605 4014 736 4078 reducta
764 4031 836 4078 esse
863 4014 904 4078 ad
927 4020 1044 4080 certum
1067 4015 1209 4080 ordinem
1231 4020 1263 4078 ct
1284 4032 1356 4077 con-

170 4113 304 4178 stantius
326 4113 402 4178 artis
425 4117 640 4198 praeceptum.
665 4113 762 4179 Vides
784 4133 861 4196 ergo
874 4115 994 4180 bivium
1010 4135 1072 4180 uon
1088 4115 1189 4180 solum
1211 4113 1356 4197 frequen·

169 4213 290 4278 tissime
312 4214 367 4278 illa
389 4214 620 4279 constructione
642 4215 703 4295 uti,
736 4214 793 4279 sed
827 4216 921 4279 etiam
945 4218 1061 4300 optime
1084 4216 1262 4282 excoluisse
1285 4233 1356 4279 eam

170 4320 201 4378 et
222 4314 416 4398 expolivisse
438 4320 469 4379 et
490 4333 583 4378 unum
607 4333 694 4398 esse,
717 4316 801 4397 apud
826 4335 918 4397 quem
940 4318 1178 4401 progressiones
1201 4316 1355 4399 quasdam

169 4413 201 4477 in
223 4421 377 4480 structura
400 4415 617 4499 componenda
639 4416 799 4482 eoonsilio
824 4417 924 4482 factas
945 4420 1091 4503 persequi
1113 4437 1280 4505 possumus
1301 4417 1354 4499 ita,

170 4522 204 4578 ut
225 4515 265 4579 ab
288 4534 345 4580 usu
368 4517 505 4599 priorum
527 4516 699 4596 decadum,
728 4517 781 4598 qui
811 4537 889 4601 prae
911 4536 946 4581 se
967 4517 1028 4581 lert
1049 4520 1158 4585 incerti
1181 4518 1302 4601 aliquid
1324 4525 1355 4583 et

171 4617 325 4699 suspecti,
360 4618 583 4700 procedentem
606 4636 834 4701 prosequamur
857 4637 956 4700 usque
979 4620 1019 4683 ad
1041 4625 1157 4684 certam
1180 4619 1353 4687 delinitam·

171 4734 232 4797 que
261 4718 292 4782 in
315 4719 423 4801 quinta
444 4719 565 4784 decade
589 4718 833 4802 usurpationem.
