3052 5130
658 607 862 679 219-

167 795 405 880 participiorum
438 797 628 878 iuncturam,
664 795 735 878 ipsa
767 793 937 879 participia
971 800 1005 858 ut
1033 812 1151 875 genere
1185 793 1277 876 paria
1309 794 1354 857 ita

169 896 271 962 forma
310 895 461 980 distantia
496 897 578 960 inter
618 915 653 962 se
691 897 798 959 iuncta
838 895 1015 959 invenimus
1053 894 1215 977 particulis
1258 912 1354 978 oopu-

170 996 289 1062 lativis:

171 1119 237 1183 Liv.
260 1121 309 1201 21,
332 1122 382 1197 48,
404 1123 423 1185 2
445 1119 580 1183 Adduo
612 1119 699 1183 milia
722 1116 861 1201 peditum
894 1122 925 1180 et
946 1116 1072 1181 ducenti
1107 1117 1228 1198 equites
1252 1117 1353 1200 vigili·
1430 1152 1436 1161 κ

449 1220 508 1285 bus
536 1219 578 1283 ad
614 1226 722 1303 portas
751 1217 915 1285 trucidatis
948 1219 989 1282 ed
1017 1217 1228 1282 Hannibalem
1251 1223 1353 1316 trans·
1390 1236 1396 1242 ¹
1496 1232 1499 1237 ·

447 1319 589 1403 fugiunt,
624 1338 702 1402 quos
725 1319 851 1384 Poenus
874 1317 1011 1401 benigne
1032 1318 1198 1383 adlocutus
1232 1324 1264 1382 et
1296 1337 1355 1401 spe
1407 1326 1409 1331 ⁴
1486 1320 1499 1369 -’

448 1421 622 1502 ingentium
652 1419 804 1484 donorum
837 1437 988 1484 accensos
1020 1418 1051 1481 in
1082 1419 1227 1483 civitates
1249 1437 1355 1500 quem-

448 1539 510 1604 que
533 1539 608 1586 suas
631 1522 672 1584 ad
693 1520 909 1586 sollicitandos
942 1517 1141 1602 popularium
1165 1520 1287 1583 animos
1309 1519 1355 1582 di-

448 1621 544 1687 misit.
1332 1618 1335 1625 ’

170 1766 332 1832 Tachist.
348 1773 375 1850 l,
390 1769 430 1833 45
453 1767 499 1831 ita
530 1765 729 1831 simulatione
764 1765 831 1830 irae
868 1765 977 1831 vinciri
1004 1767 1122 1830 iussum
1152 1770 1184 1829 et
1220 1764 1355 1828 maiores

448 1885 569 1950 poenas
597 1867 741 1930 daturum
775 1865 946 1932 adfirmans
972 1866 1133 1950 praesenti
1163 1864 1260 1930 exitio
1282 1864 1355 1930 sub-

448 1968 554 2031 traxit.
870 2026 873 2034 .

256 2065 327 2141 Qua
348 2066 469 2131 ratione
491 2067 532 2132 ad
554 2066 656 2150 ipsam
680 2064 822 2149 perducti
845 2084 951 2129 sumus
978 2066 1153 2129 iuncturam
1175 2064 1355 2148 participio-

171 2184 239 2229 rum
261 2165 463 2230 inusitatam:
486 2166 575 2244 Quae
598 2185 691 2247 quam
722 2167 762 2230 sit
784 2165 870 2246 laxa,
884 2166 1003 2247 Livius,
1025 2186 1094 2230 cum
1107 2165 1237 2230 levitate
1258 2165 1355 2247 serip-

172 2273 272 2332 torum
297 2267 368 2330 aevi
389 2266 542 2349 Augustei
564 2266 597 2330 in
618 2265 836 2350 componendo
857 2284 1019 2347 sermone,
1041 2266 1129 2331 obliti
1161 2265 1285 2348 priscae
1306 2283 1355 2329 se-

172 2367 334 2448 veritatis,
368 2366 487 2451 aliquid
508 2366 644 2431 imbutus
667 2372 731 2430 tum
754 2367 928 2447 studiosus,
951 2374 984 2432 ut
1005 2365 1286 2441 demonstrabitur,
1324 2364 1356 2426 in

173 2466 405 2550 distinguendis
435 2466 658 2533 sententiarum
686 2468 834 2532 membris
862 2469 1045 2533 subtilitatis
1067 2465 1246 2546 cuiusdam,
1279 2463 1355 2526 nihil

173 2568 284 2633 habuit
304 2568 404 2650 pensi.
661 2564 663 2568 ’

707 2765 726 2847 s
750 2769 798 2829 12.

253 2917 296 2979 At
323 2915 403 2979 haec
430 2913 535 2979 omnia
556 2912 702 2979 sufficere
723 2951 766 2960 —
793 2914 908 2980 dixerit
940 2916 1097 3000 quispiam
1119 2936 1264 2999 —quae
1292 2936 1356 3000 qua

171 3016 224 3080 via
245 3015 406 3100 progressi
423 3017 485 3080 sint
506 3016 674 3098 scriptores
695 3015 852 3080 illustrent
875 3016 916 3080 ad
937 3017 1106 3100 participia
1129 3017 1206 3080 varii
1229 3017 1355 3100 generis

173 3117 298 3182 omissis
321 3114 481 3200 particulis
504 3115 718 3194 annectenda,
750 3117 807 3180 sed
829 3115 966 3180 nondum
988 3116 1066 3181 satis
1087 3135 1175 3197 esse,
1197 3136 1278 3200 quae
1300 3119 1355 3181 do-

172 3223 273 3297 ceant,
296 3215 561 3298 quemadmodum
584 3235 690 3280 corum
714 3215 837 3279 animus
859 3235 894 3280 se
917 3215 1125 3299 applicaverit
1146 3216 1188 3280 ad
1217 3216 1355 3301 interpo·
1383 3295 1385 3298 y

173 3317 296 3381 nendas
319 3317 359 3381 de
381 3316 534 3380 industria
556 3315 727 3398 particulas
754 3316 962 3398 copulativas.
995 3316 1065 3380 Huc
1087 3324 1191 3382 autem
1214 3317 1356 3398 alteram,

176 3435 258 3499 quae
290 3435 353 3481 non
375 3415 505 3480 minoris
538 3416 579 3480 sit
609 3416 759 3499 ponderis
781 3435 909 3480 causam
938 3419 1092 3482 accedere
1122 3425 1214 3501 puto:
1249 3416 1356 3481 Livius

174 3517 256 3581 enirn
278 3517 375 3581 ——id
405 3516 491 3598 quod
511 3517 607 3580 multo
635 3516 775 3581 crebrius
805 3516 1045 3580 observantibus
1075 3518 1200 3592 dicendi
1231 3518 1357 3600 generis

174 3618 383 3702 proprietates
405 3616 541 3682 occurrit
561 3617 645 3700 apud
667 3616 811 3681 Tacitum
834 3635 936 3698 neque
960 3616 1050 3680 deest
1071 3619 1155 3701 apud
1164 3617 1304 3682 Curtium
1318 3655 1356 3664 -

173 3735 406 3798 nonnunquam,
429 3716 581 3799 quidquid
604 3717 686 3782 inest
708 3736 770 3781 una
791 3717 823 3780 in
841 3716 969 3782 notione
984 3719 1189 3798 sententiare,
1213 3719 1357 3799 quamvis
1443 3796 1447 3804 ‚

175 3826 244 3881 arte
266 3836 423 3883 conexum
444 3836 506 3881 non
528 3817 569 3881 sit
591 3817 839 3908 seiqngendum,
878 3818 1062 3902 expressius
1090 3817 1270 3900 significare
1291 3819 1358 3883 vult

175 3923 269 4001 atque
292 3917 324 3982 in
347 3919 438 4002 plura
459 3917 589 3982 resolvit
616 3917 758 3982 membra
785 3919 979 4001 interpositis
1007 3918 1169 4002 particulis
1204 3919 1356 4003 copulati·

174 4018 231 4084 vis.
275 4018 367 4096 Quod
389 4019 503 4102 quibus
535 4038 574 4083 ex
599 4020 702 4083 causis
726 4018 839 4101 iaciat,
873 4019 1050 4100 insequenti
1073 4019 1357 4083 demonstrabimus

174 4120 292 4204 capite,
317 4121 405 4184 inre
428 4124 531 4183 autem
554 4120 624 4203 ipsa
646 4121 812 4203 probanda
834 4120 952 4203 gradus
975 4120 1131 4203 quosdam
1159 4121 1357 4203 progressio·
1462 4198 1465 4203 Ι

174 4240 294 4303 nesque
306 4270 314 4301 ,
338 4220 397 4284 etsi
419 4238 481 4283 non
503 4221 641 4284 omnium
664 4222 812 4305 exempla
832 4224 960 4305 praesto
984 4220 1128 4284 videntur
1150 4237 1221 4282 esse
1244 4238 1284 4282 ex
1306 4220 1356 4284 Li-

175 4321 237 4399 vio,
259 4320 438 4385 discernere
458 4338 636 4403 possumus,
659 4340 739 4403 quas
755 4322 974 4405 persequendo
995 4318 1204 4403 pervenimus.
1217 4321 1258 4384 ad
1280 4305 1357 4386 libe-

175 4420 285 4485 rimam
309 4420 547 4486 constructionis
568 4421 731 4485 rationem.

257 4521 308 4584 Ita
329 4520 415 4604 apud
435 4520 578 4584 Tacitum
591 4520 805 4606 Nipperdeius
828 4521 870 4585 ad
891 4540 964 4586 aun.
988 4524 1016 4599 1,
1035 4520 1259 4588 abaductavit
1280 4541 1357 4600 rem,

174 4638 255 4702 quae
277 4621 359 4686 binis
381 4613 528 4686 ablativis
549 4621 657 4686 variae
678 4621 928 4705 significationis,
951 4621 1004 4704 qui
1015 4621 1101 4685 nulla
1114 4622 1239 4685 omnino
1262 4640 1358 4703 egere

175 4720 320 4787 videntur
346 4721 562 4804 copulatione,
599 4723 819 4805 designantur,
860 4722 988 4807 saepius
1016 4721 1148 4787 inveniri
1175 4721 1358 4786 distractam
1442 4804 1445 4808 .

1102 4822 1150 4885 (ὶῆ
