3052 5130
663 622 869 685 „31-

451 818 567 883 capere
588 820 649 865 non
671 806 826 887 poterant,
849 802 880 865 in
906 798 1068 865 onerarias
1089 797 1234 884 inpositis
1258 799 1358 866 altero

452 899 503 964 die
526 899 651 966 Oricum
675 903 827 985 pervenit,
852 948 858 961 .
883 950 921 964 ..
1367 978 1369 983 .

257 1000 346 1066 Prior
367 1001 542 1065 sententiae
564 1021 638 1086 pars
660 1002 804 1067 omnibus
826 1001 943 1066 criticis
964 1005 1013 1063 est
1033 1005 1194 1081 suspecta:
1228 1021 1245 1065 e
1273 1000 1358 1065 codi-
1463 1062 1469 1085 ἓ

174 1101 219 1165 cis
242 1101 392 1168 lacunosa
415 1102 590 1185 depravata
612 1110 643 1167 et
664 1108 812 1185 corrupta
833 1101 988 1184 scriptura
1009 1099 1150 1182 profecta
1171 1120 1274 1165 nonne
1296 1108 1359 1165 tur·
1472 1090 1476 1099 ’

173 1203 248 1267 bent
263 1202 328 1268 alia
344 1204 458 1268 menda
472 1203 638 1268 verborum
657 1222 823 1283 conexum,
836 1202 891 1266 vin
902 1201 1073 1265 discernas.
1096 1199 1207 1283 ltaque
1220 1202 1359 1268 eximere

173 1303 280 1368 malim
303 1305 362 1367 boc
384 1304 562 1387 exemplum
584 1321 713 1367 numero
735 1321 852 1381 eorum,
875 1299 1049 1383 dequibus
1071 1300 1239 1384 disputavi.

172 1426 240 1491 Liv.
265 1431 314 1507 25,
339 1430 392 1506 14,
417 1429 436 1491 8
458 1426 520 1488 iam
543 1431 573 1488 et
597 1426 726 1504 consul,
755 1426 796 1490 ad
829 1429 1032 1505 conspectum
1060 1426 1357 1507 transgredientium

450 1524 566 1611 vallum
579 1532 698 1591 mutato
709 1525 840 1590 consilio
853 1525 893 1588 ab
909 1518 1151 1604 revocandoque
1172 1525 1213 1588 ad
1227 1525 1357 1589 incitan-

449 1625 507 1700 dos
529 1625 764 1709 hortandosque
786 1642 896 1691 versus
919 1623 1044 1704 milites,
1067 1625 1265 1689 ostendere.
1289 1671 1296 1687 .
1319 1672 1327 1688 .
1418 1654 1422 1663 ·

254 1728 307 1792 Sic
329 1725 455 1810 scripsit
475 1726 598 1791 Harant
618 1725 639 1789 l.
662 1745 689 1789 a.
723 1745 796 1810 pag.
820 1731 889 1791 ¹112.
934 1723 1025 1802 Quod
1048 1725 1122 1787 mibi
1135 1773 1143 1806 ,
1172 1725 1358 1809 praesertim

172 1847 241 1891 cum
265 1819 406 1891 servetur
426 1826 545 1891 codicis
558 1826 709 1889 Puteanei
731 1828 895 1910 scriptura,
918 1824 1112 1909 probabilius
1128 1826 1250 1890 videtur
1264 1845 1357 1909 quam

172 1926 255 2005 quod
268 1926 422 2010 praebent
431 1926 593 1989 Hertaius:
616 1931 734 1989 mutato
750 1926 881 1991 consilio
896 1926 936 1992 ab
948 1926 1188 2008 revocandoque
1205 1934 1236 1989 et
1256 1946 1357 1992 remo·
1463 1990 1467 2001 ,

170 2025 352 2126 raudoqne,
386 2025 427 2089 Μ.
449 2025 596 2089 Mueller:
630 2032 749 2090 mutato
772 2026 904 2091 consilio
926 2026 967 2090 ab
1001 2027 1175 2091 resistendo
1206 2046 1356 2092 rovocan·
1419 2120 1423 2127 Ι

175 2127 289 2210 doque.

172 2251 237 2315 Liv.
262 2254 312 2331 41,
335 2255 385 2330 26,
408 2253 427 2315 3
451 2253 510 2333 Ap.
535 2248 685 2314 Claudius
712 2250 804 2331 signo
838 2251 999 2332 proposito
1026 2267 1153 2333 pugnae
1185 2267 1223 2312 ao
1244 2249 1355 2332 paucis

449 2351 632 2414 adhortatus
655 2349 780 2429 milites,
803 2349 902 2414 tribus
924 2351 1015 2414 simul
1037 2351 1136 2432 portis
1159 2348 1277 2413 eduxit.

253 2450 452 2516 Particulam.
467 2448 676 2533 copulativam
700 2450 887 2532 interposuit
908 2450 992 2515 idem
1014 2450 1136 2515 Harant
1157 2451 1269 2518 leviter
1290 2472 1356 2519 mu·

167 2558 233 2616 tata
265 2552 382 2615 codicis
404 2549 689 2614 Laurisbamiensis
711 2551 866 2632 scriptura
904 2549 981 2632 ‘ad‘‚
1012 2552 1100 2615 cuius
1128 2572 1221 2617 nemo
1253 2553 1357 2617 adbuc

169 2652 322 2717 rationem
345 2650 455 2714 habuit
476 2651 507 2713 in
529 2656 617 2714 textu
639 2651 866 2735 componendo,
887 2650 971 2733 quod
983 2652 1126 2736 plerique
1142 2650 1208 2717 ‘ad’
1225 2655 1356 2739 scriptu·

171 2771 237 2817 ram
268 2759 368 2816 ortum
391 2768 461 2816 esse
485 2769 525 2815 ex
547 2751 722 2833 insequenti
743 2750 897 2815 vocabulo
922 2751 1117 2817 adhortatus
1139 2759 1337 2836 putaverunt.
1403 2742 1406 2747 ¹

169 2875 237 2942 Liv.
260 2879 312 2953 42,
335 2878 384 2957 38,
407 2877 426 2938 2
449 2925 456 2938 .
480 2919 518 2934 ..
562 2872 593 2935 in
615 2873 770 2938 Aetoliam
809 2874 968 2960 progressi
996 2895 1034 2939 ac
1060 2895 1179 2960 paucos
1214 2877 1258 2941 ibi
1292 2898 1357 2943 mo·

447 2974 506 3038 rati
529 2972 598 3037 dies
621 3020 629 3037 .
653 3020 661 3035 .
687 3020 693 3033 .
717 2981 748 3038 et
768 2975 903 3058 Lycisco
926 2983 1073 3057 praetore
1095 2977 1179 3042 iacto
1202 3026 1209 3042 .
1235 3024 1241 3038 .
1265 3029 1273 3043 .

252 3075 431 3158 Madvigius
465 3093 524 3137 em.
545 3073 611 3136 Liv.
640 3094 715 3157 pag.
739 3079 814 3141 643:
852 3074 1067 3157 „Narrationis
1090 3077 1165 3141 ordo
1195 3083 1226 3142 et
1247 3098 1356 3144 cursus
1380 3084 1382 3091 ’

172 3177 329 3259 postulat,
357 3183 391 3240 ut
412 3173 539 3240 tollatur
561 3180 599 3237 et
620 3181 693 3239 ante
714 3176 877 3258 Lycisco.“
901 3175 1003 3239 Minus
1024 3182 1109 3241 recte
1130 3177 1289 3242 iudicasse
1309 3178 1358 3243 vir

171 3275 224 3340 ilie
246 3276 445 3340 doctissimus
458 3274 598 3339 videtur:
621 3271 761 3357 namu‘el'
784 3275 850 3341 iure
862 3276 1079 3358 interpositum
1103 3295 1173 3341 esse
1190 3279 1254 3342 alia
1275 3298 1357 3362 quae

171 3381 298 3439 exstant
318 3376 348 3438 iu
370 3375 492 3438 decade
513 3375 621 3456 quinta
643 3392 745 3454 eaque
766 3374 926 3439 simillima
949 3378 1095 3460 exempla
1118 3379 1241 3443 docent.

171 3497 238 3562 Liv.
263 3501 311 3572 36,
338 3501 385 3578 ro,
409 3501 446 3562 12
469 3497 513 3560 ibi
536 3503 786 3562 castrametatus
808 3497 901 3562 latius
920 3517 1084 3582 quampro
1106 3500 1206 3585 copiis
1229 3509 1266 3566 et
1289 3502 1355 3586 plu·

470 3616 520 3661 res
542 3616 634 3679 quam
658 3605 734 3678 quot
762 3597 838 3661 satis
860 3599 892 3662 in
924 3617 1014 3662 usum
1043 3608 1133 3665 erant
1160 3602 1252 3684 ignes
1284 3621 1355 3667 cum

470 3697 682 3775 accendisset,
725 3698 885 3780 speciem,
923 3718 1016 3780 quam
1040 3700 1241 3781 quaesiverat
1274 3705 1356 3768 hosti
1462 3680 1465 3685 Ι

363 3820 365 3827 ·
469 3796 554 3863 fecit.
1022 3858 1026 3871 ,

257 3896 531 3963 Weissenborniue
554 3897 695 3963 mutilum
715 3917 788 3988 esse
810 3899 912 3963 locum
934 3907 1031 3983 ratus,
1055 3920 1123 3965 oum
1146 3901 1231 3966 solus
1255 3902 1359 3968 codex

171 3999 372 4083 Moguntiuus
393 3999 547 4083 praebeat
570 4004 601 4062 et
621 4000 818 4083 particulam,
842 4001 980 4066 scribere
1004 4003 1122 4066 mavult
1138 3998 1288 4068 ‘metatus
1310 4004 1357 4069 la·

171 4102 233 4166 tius
318 4154 324 4165 .
349 4101 453 4185 plures
478 4154 484 4165 .
508 4148 515 4163 .
538 4097 630 4181 ignes
652 4146 659 4162 .
682 4149 687 4162 .
711 4118 780 4163 cum
804 4099 1020 4167 accendisset.
1064 4102 1248 4168 Consentire
1268 4105 1358 4170 vide-

170 4208 219 4267 tur
241 4202 281 4265 M.
305 4201 459 4266 Hertuius.
497 4199 624 4264 Codicis
646 4198 834 4281 scripturam
848 4202 1021 4266 'tenendam
1045 4221 1116 4268 esse
1138 4224 1262 4284 censeo,
1285 4223 1355 4270 cum

171 4302 321 4367 audacior
356 4303 499 4366 iunctura
519 4301 667 4384 probetur
690 4301 859 4383 exemplis,
894 4320 975 4383 quae
1006 4321 1105 4385 prope
1128 4305 1301 4387 accedunt,
1324 4310 1356 4370 et

173 4402 284 4480 variis,
320 4421 398 4485 quas
431 4401 583 4466 babemus
613 4401 645 4463 in
667 4400 791 4464 dicendi
813 4419 930 4483 genere
952 4400 1099 4481 Liviauo,
1133 4403 1165 4468 in
1186 4403 1355 4486 iungendis

172 4503 334 4568 sententiis
357 4501 639 4586 progressionibus.
662 4537 703 4547 -

657 4704 853 4712 ——a-
