3052 5130
654 500 860 567 ..15-

170 686 246 753 Sall.
282 685 357 768 Jug.
380 689 398 750 7
421 733 429 748 .
452 732 460 748 .
482 735 490 751 .
512 701 615 766 neque
636 701 693 767 per
714 683 777 746 vim
799 699 902 763 neque
923 682 1045 747 insidiis
1067 731 1075 749 .
1098 734 1136 747 ..

211 782 998 871 „„Qmmwmmmu.

167 887 235 952 Liv.
251 888 278 968 1,
303 891 352 965 17,
377 891 394 950 1
420 937 426 950 .
449 934 457 950 .
480 929 487 946 .
509 902 567 966 per
589 882 652 947 vim
674 888 730 946 aut
750 881 979 964 factionibus¹)
1002 933 1009 945 .
1033 928 1071 945 ..

229 989 261 1065 2,
281 987 332 1066 42,
357 985 396 1051 10
416 1034 423 1048 .
446 1034 453 1048 .
478 1028 485 1044 .
507 1002 590 1049 nunc
612 983 693 1047 extis
714 1000 795 1047 nunc
815 1001 872 1066 per
893 1001 969 1048 aves
991 1029 999 1044 .
1021 1029 1059 1046 ..

230 1091 260 1167 6,
290 1088 319 1167 3,
355 1089 393 1151 10
417 1131 424 1146 .
449 1132 457 1148 .
482 1134 488 1147 .
512 1103 574 1148 non
610 1084 642 1148 vi
680 1087 826 1165 captum,
868 1081 926 1146 sed
960 1082 1108 1148 traditum
1147 1101 1204 1166 per
1243 1082 1348 1147 condi-

418 1202 536 1248 crones.

232 1292 261 1367 d,
284 1289 334 1367 29,
355 1290 375 1352 7
420 1337 425 1350 .
451 1337 457 1350 .
483 1336 489 1349 .
512 1301 574 1346 non
595 1281 636 1361 vi,
659 1282 717 1346 scd
736 1300 794 1364 pcr
815 1282 1007 1347 deditionem

229 1392 260 1470 7,
284 1391 334 1467 30,
358 1390 396 1451 17
420 1429 427 1444 .
451 1431 458 1449 .
482 1431 489 1448 .
511 1385 616 1465 potius
638 1381 790 1446 beneficio
812 1428 819 1443 .
844 1428 851 1442 .
875 1400 998 1463 quam.
1022 1433 1028 1446 .
1051 1401 1108 1467 per
1130 1382 1327 1448 maleficium.

210 1490 267 1569 39,
299 1489 340 1566 8,
373 1482 608 1549 8...multa
628 1480 711 1561 dolo,
733 1481 885 1564 pleraque
906 1503 964 1566 per
985 1482 1047 1547 vim
1071 1531 1079 1546 .
1101 1530 1138 1546 ..

252 1604 415 1672 Eiusmodi
443 1610 615 1670 structuras
637 1603 731 1668 etiam
765 1604 903 1668 crebrius
931 1606 1064 1669 inveniri
1099 1604 1184 1687 apud
1206 1603 1349 1669 Tacitum

167 1709 282 1794 probat
302 1707 457 1788 Draeger,
478 1705 519 1767 de
542 1703 669 1786 syntaxi
692 1708 723 1766 et
743 1704 917 1768 elocutione
938 1704 1039 1768 Taciti
1061 1707 1081 1783 ,ξ
1105 1707 1173 1770 105.

251 1807 319 1872 Has
340 1806 532 1871 variationes
554 1810 587 1866 ut
601 1803 775 1868 excolendo
797 1804 976 1887 amplificat,
994 1802 1101 1867 Livius
1123 1803 1164 1867 ad
1186 1804 1269 1867 idem
1282 1823 1350 1868 ver·

169 1909 242 1973 bum
264 1906 316 1972 vel
337 1905 526 1971 adiectivum
538 1902 693 1968 obiectum
717 1908 748 1967 et
769 1905 852 1969 nude
875 1905 1012 1988 positum
1034 1910 1066 1968 et
1087 1909 1194 1987 aptum
1206 1921 1246 1968 cx
1259 1923 1350 1986 prae·
1471 1946 1477 1954 -

169 2007 377 2092 positionibus
398 2004 510 2069 refert:

169 2130 236 2196 Liv.
258 2134 288 2213 4,
310 2133 360 2210 27,
384 2129 405 2192 4
450 2177 456 2190 .
481 2175 489 2192 .
516 2173 524 2188 .
551 2143 613 2189 non
635 2124 743 2209 parvis
765 2126 859 2190 modo
882 2126 1120 2191 excursionibus
1154 2127 1195 2190 ad
1218 2126 1348 2210 proclia,

231 2217 232 2221 ’
447 2224 565 2290 sedvel
582 2223 624 2288 ad
646 2225 873 2308 explicandas.
891 2274 898 2290 .
920 2227 1005 2292 acies
1018 2228 1096 2293 satis
1109 2232 1267 2309 patentem
1291 2227 1349 2312 (sc.

446 2325 636 2410 planitiem).

260 2430 290 2510 5,
323 2433 353 2509 9,
385 2433 404 2493 2
451 2423 649 2490 ...fatalis
671 2423 736 2487 dux
757 2426 798 2489 ad
821 2426 977 2491 excidium
1000 2426 1084 2490 illius
1105 2427 1191 2491 urbis
1224 2444 1351 2490 servan·

248 2538 251 2543 ’
449 2528 574 2606 deeque
616 2526 738 2606 patriae
780 2525 822 2590 Μ.
871 2527 983 2591 Furius
1022 2525 1174 2591 Camillus
1218 2526 1353 2590 dictatur

451 2625 552 2691 dictus
576 2678 582 2690 .
608 2671 647 2690 .-

263 2730 293 2805 9,
315 2728 364 2807 33,
387 2733 406 2793 5
449 2776 457 2793 .
481 2774 489 2790 .
516 2777 524 2793 .
547 2743 605 2791 nec
637 2725 670 2790 in
703 2724 816 2807 vulgus
840 2727 1071 2809 quamoptimo
1103 2727 1215 2809 cuique
1236 2725 1353 2809 gratio·

448 2845 545 2891 rem.
600 2877 606 2890 .

239 2929 288 3007 34,
310 2930 360 3010 52,
383 2929 420 2992 11
507 2973 514 2989 .
537 2925 650 2990 duceni
663 2924 875 3008 quinquageni
887 2926 970 2991 aeris
981 2926 1013 2990 in
1034 2927 1157 3009 pedites
1170 2926 1274 3007 divisi,
1297 2927 1352 2991 du·
1432 2943 1435 2947 ·

447 3028 525 3111 plcx
545 3026 729 3106 centurioni,
750 3026 866 3109 triplex
888 3026 985 3107 equiti
1328 3037 1330 3042 ’

239 3131 290 3210 45,
314 3128 406 3209 34,5
448 3133 691 3209 ...tantaque
726 3126 848 3208 praeda
878 3126 951 3207 fuit,
985 3132 1018 3189 ut
1050 3128 1082 3190 in
1112 3128 1248 3209 equitem
1276 3145 1352 3207 qua·

449 3226 594 3310 dringeni
616 3226 747 3307 denarii,
770 3225 930 3309 peditibus
952 3227 1065 3291 duceni
1087 3226 1310 3290 dividerentur.

253 3349 300 3413 Eo
327 3347 486 3432 procedit,
520 3352 552 3411 ut
572 3349 769 3415 substantivo
802 3349 1012 3432 praecedente
1035 3347 1248 3425 adiectivnm‚
1270 3344 1353 3430 quod

170 3449 372 3533 respondeat,
394 3448 445 3514 vel
468 3448 563 3513 etiam
585 3449 767 3514 adverbium
790 3454 896 3532 ponat.

171 3571 240 3634 Liv.
262 3574 291 3653 3,
313 3574 363 3648 62,
384 3574 403 3637 6
445 3571 597 3654 proelium
619 3571 696 3653 fuit,
735 3571 828 3652 quale
855 3571 936 3636 inter
957 3571 1090 3635 fidentes
1112 3569 1238 3635 sibimet
1259 3569 1353 3633 ambo

271 3661 273 3664 ⁴
449 3672 622 3755 exercitus,
658 3672 774 3737 veteris
805 3677 1040 3755 perpetuaeque
1062 3672 1194 3736 alterum
1222 3669 1353 3752 gloriae,

398 3850 407 3865 ἢ
450 3769 581 3835 alterum
611 3792 694 3837 nova
715 3772 849 3837 victoria
871 3771 997 3837 elatum.

239 3871 289 3950 22,
311 3868 362 3949 45,
385 3874 404 3935 7
447 3869 571 3935 laevum
593 3891 688 3936 cornu
713 3872 845 3936 extremi
868 3873 989 3955 equites
1010 3871 1176 3953 sociorum,
1197 3872 1279 3934 intra
1298 3888 1354 3953 pe·

450 3968 532 4033 dites
557 4015 564 4031 .
588 4017 595 4033 .
618 3978 793 4036 tenuerunt.

240 4070 289 4152 31,
312 4071 362 4151 46,
387 4075 424 4135 11
447 4075 584 4134 ceterum
607 4091 669 4136 non
691 4072 798 4155 plnres
820 4077 940 4136 tantum
952 4072 1143 4138 Macedones
1165 4088 1259 4153 quam
1280 4075 1353 4133 ante

446 4170 614 4235 tuebantur
634 4172 743 4236 urbem
764 4190 916 4255 arcesque
937 4172 995 4238 sed
1017 4172 1111 4238 etiam
1133 4170 1353 4254 praesentiori-

243 4410 270 4479 1)
290 4408 338 4464 Sic
366 4410 473 4480 legitur
500 4413 530 4467 in
559 4413 688 4470 editione
713 4412 788 4468 Guil.
806 4413 1035 4469 Weissenbornii
1056 4412 1259 4468 Teubneriana
1286 4411 1354 4467 anni

169 4497 448 4640 lllllt3p1;fllladvigium
466 4505 497 4556 ct
514 4502 708 4560 altercatum
719 4502 889 4572 scripsisse.
900 4543 906 4557 .
919 4506 1110 4572 pervenerat;
1128 4499 1352 4558 factionibus...

190 4602 227 4641 au
278 4587 341 4657 ugit
360 4602 415 4645 me.
