3052 5130
663 218 862 284 „10„

178 400 240 478 tas,
263 396 368 462 omnia
388 399 509 460 remota
530 396 690 462 reservavi
713 396 754 462 ad
776 415 855 477 eam,
876 415 958 480 quae
981 394 1040 462 erit
1053 395 1093 462 de
1114 389 1354 464 constructionis

176 497 299 579 origine
320 501 415 579 atque
436 497 637 576 incremento,
661 498 887 579 quaestionem.

257 595 339 660 Nam
362 598 488 674 veritus,
510 615 550 660 ne
573 597 604 660 in
627 598 765 679 eosdem,
789 617 866 680 quos
887 597 1206 663 neWeissenbomius
1228 598 1356 679 quidem

175 701 206 761 et
223 696 435 779 Nipperdeius
458 698 643 778 vitaverunt,
664 715 785 763 errores
797 698 977 782 inciderem,
1000 699 1119 762 minore
1141 698 1354 781 exemplorum

175 815 305 861 numero
327 801 490 861 contentus
512 798 557 861 rei
578 797 795 862 tractationem
808 800 968 882 suscipere
991 798 1088 862 malui
1104 816 1198 880 quarn
1219 798 1264 862 nti
1283 816 1355 862 con·

176 897 254 962 lusis
276 896 441 980 minusque
462 897 542 961 inter
563 914 598 961 se
619 897 861 963 cohaerentibus
882 898 1079 963 testimoniis.

717 1083 789 1161 §a

259 1214 403 1279 Ceterum
433 1233 592 1298 paucose
623 1215 713 1279 Livio
745 1215 852 1296 locos,
887 1192 1000 1297 quibus
1040 1215 1272 1280 demonstratur
1304 1216 1355 1282 vel

177 1314 337 1381 enuntiata
357 1315 545 1380 secundaria
566 1315 698 1378 inveniri
716 1314 878 1398 particulis
890 1314 1077 1398 copulativis
1099 1315 1247 1380 adiuncta
1268 1323 1353 1381 ante·

176 1416 299 1479 cedenti
321 1417 486 1499 participio
508 1415 639 1480 relativo
663 1417 877 1498 excerpamus*
891 1434 1023 1480 necesse
1045 1420 1108 1479 est:

176 1515 361 1598 lineato,
372 1521 410 1582 22
432 1517 532 1579 maior
565 1533 659 1595 quam
693 1534 749 1598 pro
771 1534 900 1580 numero
928 1515 1087 1580 hominum
1110 1514 1212 1578 editur
1233 1534 1355 1598 pugna:

432 1617 543 1681 iaculis
566 1616 703 1681 maxime
716 1621 827 1698 aperta
839 1634 972 1699 corpora
984 1616 1205 1696 Romanorum,
1228 1621 1355 1680 etcum

432 1716 570 1797 undique
603 1734 644 1780 ex
665 1714 828 1778 altioribus
854 1715 932 1780 locis
959 1716 992 1779 in
1012 1725 1124 1780 cavam
1147 1715 1261 1781 vallem
1284 1735 1355 1782 con·

431 1817 530 1880 iectus
552 1821 645 1894 esset,
667 1813 899 1896 transfiguntur.

218 1916 274 1996 31,
298 1918 347 1996 24,
369 1918 387 1980 3
430 1933 534 1998 aqua
561 1915 727 1979 destitutus
754 1932 812 1997 spe
843 1933 921 1978 nec
949 1914 1114 1996 quicquam
1148 1914 1234 1979 aliud
1261 1934 1354 1996 qnam

433 2016 474 2079 ad
494 2016 633 2079 deforme
649 2015 862 2098 spectaculum
884 2015 1054 2079 semirutae
1073 2033 1111 2078 ac
1133 2014 1282 2080 fumantis
1305 2016 1371 2080 so·‘

432 2115 502 2179 ciac
523 2116 609 2180 urbis
631 2133 700 2179 cum
722 2115 862 2179 venisset
883 2163 890 2179 .
914 2162 921 2177 .
945 2165 952 2178 .
982 2133 1085 2195 aeque
1106 2115 1220 2199 raptim
1243 2134 1281 2180 ac
1302 2134 1354 2180 ve-

431 2219 520 2279 nerat
542 2262 549 2278 .
573 2262 580 2278 .
603 2263 611 2278 .
634 2215 775 2279 Athenas
798 2214 892 2278 ducit.

217 2319 266 2396 36,
290 2320 340 2395 lli,
365 2318 401 2380 12
424 2314 468 2378 ibi
490 2319 594 2379 castra
616 2320 751 2378 metatus
779 2313 873 2378 latius
895 2332 988 2394 qnam
1021 2333 1078 2397 pro
1100 2315 1200 2396 copiis
1228 2320 1266 2380 et
1287 2316 1355 2400 pln-

433 2433 484 2480 res
505 2434 598 2498 qnam
622 2419 696 2496 quot
718 2414 795 2478 satis
816 2415 847 2477 in
870 2433 960 2477 usum
984 2419 1073 2478 erant
1100 2414 1190 2497 ignes
1212 2433 1282 2479 cum
1304 2434 1355 2480 ac-

432 2515 600 2593 cendisset,
622 2515 760 2604 speciem
782 2532 874 2597 qnam
887 2514 1068 2595 quaesierat
1089 2514 1170 2578 hosti
1192 2515 1270 2580 feeit
1291 2530 1355 2581 om-

432 2634 503 2678 nem
537 2614 579 2677 ibi
600 2616 778 2680 Romanum
808 2616 980 2679 exereitum
1003 2633 1073 2680 cum
1108 2633 1184 2698 rege
1208 2615 1354 2699 Philippo

432 2732 514 2780 esse.

658 2895 878 2979 daputll.

732 3047 800 3128 59.

244 3173 376 3238 Exsistit
387 3191 469 3236 nuno
482 3173 636 3254 quaestio,
660 3191 723 3255 que
732 3171 852 3236 ratione
869 3171 925 3235 illa
938 3171 1082 3235 iunctura
1096 3172 1218 3237 ortasii
1234 3191 1355 3254 quaeve

176 3293 227 3340 res
249 3273 405 3339 valuerint
436 3272 553 3355 aliquid
575 3273 616 3337 ad
638 3254 895 3337 conformandam
918 3272 1000 3335 hanc
1032 3277 1064 3334 et
1095 3272 1301 3337 excolendam
1324 3279 1356 3339 et

177 3367 434 3458 amplificandam
456 3372 607 3437 orationis
628 3373 783 3437 Livianae
804 3371 1028 3456 proprietatem

259 3473 328 3549 Qua
351 3472 427 3536 nihil
449 3472 572 3537 facilius
608 3491 679 3536 esse
701 3472 780 3537 alius
803 3477 896 3555 atque
930 3473 1011 3536 alius
1040 3475 1126 3535 ratus
1150 3471 1233 3533 baud
1255 3489 1355 3554 parvo

176 3592 305 3637 numero
327 3572 540 3655 exemplorum
564 3591 582 3635 e
604 3572 736 3637 Graecis
768 3572 973 3655 scriptoribus
994 3570 1236 3663 conquisitorum
1259 3576 1356 3635 totam

176 3673 284 3754 utique
304 3673 567 3737 constructionem
590 3672 740 3736 eGraeoo
761 3691 906 3737 sermone
929 3672 1112 3737 translatam
1136 3688 1207 3734 esse
1229 3673 1357 3736 demon·

177 3773 299 3838 strabit.
342 3772 423 3838 Huic
444 3775 490 3837 rei
515 3773 694 3838 testimonio
716 3791 786 3837 esse
809 3766 905 3850 locos,
930 3772 1038 3854 quales
1060 3770 1209 3837 collectos
1231 3776 1357 3836 exstare

177 3873 363 3938 anonnullis
385 3873 600 3956 grammaticis
624 3878 655 3938 et
665 3872 973 3952 commentatoribus,
997 3872 1140 3955 inprimis
1153 3870 1187 3936 0.
1197 3871 1247 3937 W.
1257 3870 1358 3934 Krue-

176 3992 252 4058 gero
274 3974 295 4038 l.
317 3974 357 4052 l.,
392 3975 423 4039 in
446 3976 607 4059 prooemio
635 3971 905 4039 commentationis
927 3971 992 4036 dixi
1015 3978 1046 4035 et
1075 3971 1133 4036 hoo
1165 3972 1235 4035 loco
1259 3971 1356 4035 inser·

176 4081 224 4140 tos
248 4075 339 4139 volo:

176 4193 317 4276 Thucyd.
339 4195 366 4278 l,
389 4197 468 4278 ott
494 4190 556 4274 οὐχ
577 4189 755 4277 ἡσύχαζον,
777 4187 912 4272 ἀνδρῶν
931 4211 968 4254 τε
990 4192 1109 4272 σφίσιν
1123 4183 1268 4255 ἐνόντων
1289 4191 1352 4251 καὶ

150 4305 152 4310 “
497 4290 568 4377 ἅμα
591 4295 668 4375 περὶ
688 4295 734 4379 τῷ
754 4295 862 4379 χωρίῳ
885 4287 1040 4365 δεδιότες.
