3052 5130
317 627 355 691 ll.
378 624 591 709 Participium,
615 625 698 707 quod
720 625 884 708 praecedit
904 623 1079 707 relativum,
1101 623 1242 706 sequitur
1259 621 1416 688 ablativus

378 725 540 792 absolutus
561 726 755 810 interpositis
776 725 939 809 particulis
961 724 1158 807 copulativis.

316 828 354 889 A.
377 826 543 892 Ablativus
567 826 728 892 absolutus
749 825 907 910 participii
928 825 1105 907 praesentis
1132 823 1227 888 activi
1248 841 1341 888 casus
1363 822 1417 887 ob·

378 926 496 1007 liquos:

234 1020 305 1108 Livs
327 1048 377 1123 24,
396 1047 424 1126 9,
449 1049 467 1109 9
489 1041 779 1107 absensMarcellus
803 1043 912 1108 consul
934 1046 1067 1120 creatus,
1090 1059 1160 1106 cum
1182 1041 1224 1105 ad
1245 1040 1416 1105 exercitum

491 1149 585 1218 esset,
607 1141 766 1224 praesenti
778 1140 879 1208 Fabio
901 1149 1027 1224 atque
1048 1143 1119 1226 ipso
1133 1141 1260 1206 comitia
1281 1139 1417 1204 habente

491 1241 670 1306 consulatus
691 1241 898 1308 continuatus.

79 1328 84 1347 ι
234 1356 391 1423 Tacann.
404 1359 568 1438 3,11Pcst
588 1375 670 1440 quae
691 1377 745 1422 reo
766 1358 800 1423 L.
820 1360 1010 1439 Arruntium,
1033 1358 1067 1422 P.
1088 1357 1252 1437 Vinicium,
1276 1356 1418 1422 Asinium
1485 1416 1488 1421 .

492 1456 628 1533 Gallum,
650 1460 858 1522 Aeserninum
874 1458 1066 1539 Marcellum,
1092 1459 1222 1522 Sextum
1234 1457 1418 1539 Pompeium
1470 1473 1472 1476 ·

491 1563 642 1641 patronos
657 1560 775 1641 petenti
795 1559 909 1640 iisque
922 1560 1049 1624 diversa
1061 1557 1286 1622 excusantibus
1298 1555 1417 1619 Mulie·

491 1655 584 1739 pidus
608 1664 639 1722 et
660 1657 775 1722 Lucius
792 1658 864 1723 Piso
890 1664 922 1722 et
943 1658 1102 1723 Livineius
1116 1656 1255 1738 Regulus
1278 1656 1418 1736 adfuere,

491 1762 614 1820 arrecta
635 1759 719 1821 omni
743 1757 886 1837 civitate,
915 1765 1033 1841 quanta
1054 1758 1133 1822 fides
1155 1757 1265 1821 amicis
1287 1753 1418 1820 Germa-

490 1857 568 1933 nici,
606 1875 688 1938 quae
710 1858 826 1923 fiducia
846 1879 909 1924 rec.

316 1951 353 2015 B.
374 1954 540 2021 Ablativus
562 1958 724 2022 absolutus
746 1957 903 2040 participii
924 1956 1057 2042 perfecti
1079 1956 1200 2039 passivi
1221 1957 1378 2038 sequitur:

375 2075 403 2120 a.
427 2055 585 2139 participii
607 2057 731 2121 relativi
754 2059 930 2140 praesentis
953 2057 1048 2123 activi
1071 2075 1178 2120 casum
1201 2055 1377 2136 obliquum:

236 2167 303 2233 liv.
326 2177 355 2249 5,
380 2177 427 2254 18,
451 2171 573 2241 obunc
595 2191 656 2255 ego
684 2165 857 2238 institutum
879 2174 1047 2258 disciplina
1082 2193 1153 2237 mea
1175 2173 1325 2237 vicarium
1359 2192 1418 2257 pro

493 2293 543 2337 me
564 2273 611 2339 rei
632 2274 779 2357 publicae
800 2273 841 2338 do
863 2274 1012 2357 dicoque,
1035 2293 1153 2356 vosque
1176 2292 1295 2354 quaeso
1317 2272 1418 2349 Quiri-

491 2380 549 2453 tes,
571 2374 710 2439 delatnm
732 2373 809 2438 mibi
832 2374 911 2440 ultro
935 2377 1085 2440 bonorem
1107 2372 1179 2437 huic
1191 2373 1309 2456 petenti
1325 2374 1418 2438 meisu

491 2493 560 2555 que
582 2494 639 2558 pro
661 2493 699 2539 eo
720 2474 852 2540 adiectis
875 2475 1021 2558 precibus
1043 2474 1208 2539 mandetis.

380 2570 409 2634 b.
432 2573 592 2656 participii
613 2574 737 2638 relativi
759 2574 891 2657 perlecti
912 2575 1033 2658 passivi
1146 2630 1148 2635 .

435 2697 468 2736 α.
490 2675 733 2738 nominativum:

235 2783 303 2848 Liv.
311 2789 462 2868 22,19,lr
487 2789 593 2871 itaque
620 2809 682 2854 non
704 2790 745 2855 ab
767 2791 858 2856 hoste
880 2796 911 2854 et
931 2792 1051 2876 proelio
1072 2792 1175 2876 magis
1196 2790 1295 2854 Poeni
1323 2808 1417 2870 quam

492 2896 614 2953 suomet
646 2890 708 2972 ipsi
741 2892 872 2955 tumultu
903 2893 1019 2956 turbati
1053 2899 1091 2957 et
1123 2896 1277 2973 temptata
1312 2890 1417 2953 verius

493 3008 601 3071 pugna
623 3008 717 3070 qnam
740 2992 816 3055 inita
838 2993 870 3054 in
892 2993 1001 3074 fugam
1023 2998 1203 3056 averterunt
1224 2991 1369 3055 classem.

235 3101 302 3164 Liv.
317 3104 368 3184 38,
382 3107 465 3184 lus
488 3103 609 3180 Quibus
631 3107 836 3189 religionibus
858 3110 982 3173 liberati
997 3109 1141 3173 consules
1164 3115 1201 3173 et
1222 3107 1418 3189 dilectupe1··

492 3205 574 3269 fecto
587 3243 628 3252 —
644 3209 734 3272 novis
756 3210 837 3273 enim
859 3216 990 3290 uterque
1011 3208 1120 3272 maluit
1140 3209 1184 3272 uti
1207 3207 1356 3272 militibus
1376 3241 1419 3250 —

494 3304 526 3368 in
546 3307 741 3389 provinciam
767 3310 898 3392 profecti
930 3315 1003 3374 sunt
1030 3315 1216 3390 veteresque
1242 3325 1351 3372 omnes
1372 3307 1418 3371 di·

491 3405 650 3470 miserunt.

434 3510 466 3586 β.
489 3523 582 3571 casus
605 3505 765 3589 obliquos:

235 3616 302 3681 Liv.
316 3618 366 3700 24,
379 3624 460 3701 lou
483 3621 525 3685 Μ.
551 3621 696 3688 Valerius
708 3623 781 3687 MM.
802 3624 962 3708 praesidio
984 3626 1092 3690 relicto
1115 3628 1359 3709 praepositoque
1380 3625 1418 3689 iis

492 3721 527 3785 P.
551 3722 677 3788 Valerio
698 3723 805 3806 legato
836 3743 906 3788 cum
935 3725 1038 3790 classe
1066 3727 1218 3791 instructa
1245 3731 1420 3808 parataque

492 3828 544 3902 et,
578 3823 663 3904 quod
690 3823 806 3905 longae
827 3843 927 3888 naves
956 3844 1071 3908 capere
1093 3846 1153 3890 non
1186 3832 1351 3911 poterant,
1387 3826 1418 3889 in

493 3923 654 3988 onerarias
676 3924 832 4008 impositis
854 3925 953 3989 altero
975 3926 1026 3989 die
1049 3923 1176 3990 Oricum
1198 3926 1351 4011 pervenit.

235 4035 472 4120 (tartarum)
489 4038 635 4120 Namque
657 4042 801 4124 epistola,
824 4041 1005 4124 priusquam
1028 4045 1057 4107 ei
1080 4044 1277 4119 redderetur,
1299 4045 1330 4107 in
1353 4062 1419 4106 ma·

491 4157 550 4202 nus
566 4140 742 4205 Alexandri
761 4149 958 4224 pervenerat,
980 4143 1157 4226 lectamque
1170 4165 1239 4209 eam
1263 4150 1300 4208 et
1320 4143 1419 4226 ignoti

234 4320 398 4329 —n--a—

306 4428 334 4496 1)
355 4427 390 4482 cf.
404 4428 548 4485 Theodori
563 4432 656 4500 Vogel
678 4432 831 4488 editionem
851 4437 1055 4492 commentario
1073 4438 1244 4493 instructam
1262 4437 1329 4492 anni
1340 4437 1420 4504 1885,

234 4518 283 4572 ubi
305 4523 335 4572 et
353 4520 524 4587 particulam
546 4523 625 4575 uncis
645 4521 770 4576 inclusit.
