3052 5130
638 588 869 669 ...33-

179 784 387 870 Zumptius1),
411 786 465 868 qui
486 805 675 869 quamquam
697 787 793 852 variis
809 785 973 877 erroribus
994 787 1123 852 obnoxii
1147 793 1228 869 sunt,
1251 786 1356 852 tamen
1445 798 1447 803 ·
1504 776 1506 781 ’

178 886 242 950 iam
277 885 365 968 leges
383 887 618 969 rationemque
651 904 726 951 usus
748 886 907 970 participii
939 886 1032 951 futuri
1067 888 1161 952 activi
1183 893 1358 952 statuerunt

179 985 233 1071 ita,
256 990 288 1050 ut
310 1004 416 1050 eorum
437 994 609 1071 praecepta
630 985 722 1051 simul
742 1004 811 1049 cum
829 987 993 1071 exemplis,
1016 987 1128 1069 quibus
1143 987 1357 1052 demonstran·

179 1093 247 1167 tur,
279 1085 373 1150 hodie
394 1086 542 1168 legantur
562 1088 593 1150 in
614 1085 786 1152 minoribus
807 1087 1022 1168 grammaticis
1043 1088 1163 1152 Latinis
1188 1094 1219 1151 et
1240 1087 1355 1152 decan-

179 1191 291 1251 tentur.
315 1186 404 1264 Quae
422 1187 602 1266 docuerunt,
625 1187 705 1253 haec
727 1186 793 1250 fere
814 1194 905 1253 cunt:
924 1187 1018 1272 Apud
1041 1188 1209 1270 scriptores
1231 1184 1373 1270 priscae

177 1287 323 1351 latinitat
301 1293 341 1350 trs
363 1286 563 1371 participium
585 1287 680 1352 futuri
697 1286 790 1351 activi
812 1306 875 1351 non
898 1287 1054 1352 invenitur
1075 1287 1135 1351 nisi
1157 1287 1355 1352 coniunctum
1478 1312 1480 1317 ·
1503 1275 1506 1279 ’

178 1405 248 1452 oum
270 1388 385 1470 copula
407 1405 478 1451 esse
501 1387 646 1500 exceptis
664 1387 769 1452 verbis
791 1387 912 1451 futurus
935 1392 967 1452 et
987 1395 1145 1505 venturus,
1180 1405 1262 1467 quae
1284 1386 1355 1469 qui·

178 1487 280 1552 dem
271 1507 304 1550 rn
326 1492 423 1551 totam
445 1487 593 1552 adiectivi
616 1487 680 1552 vim
701 1488 820 1552 abiere

259 1609 353 1692 Apud
385 1611 566 1692 posterioris
603 1609 716 1675 aetatis
755 1612 925 1694 scriptores
956 1606 1122 1672 adhibetur
1153 1606 1353 1691 participium

177 1710 271 1774 futuri
292 1709 386 1774 activi
408 1717 480 1794 post
502 1710 599 1775 verba
620 1711 767 1775 movendi
790 1713 832 1775 ad
847 1711 1077 1792 designandum
1096 1708 1269 1790 consilium,
1292 1727 1353 1791 quo

177 1811 247 1892 quis
269 1810 390 1892 aliquid
412 1809 517 1875 iaciat.

258 1908 463 1994 Participium
484 1910 539 1975 fut.
561 1915 622 1975 act.
645 1930 716 1976 eum
737 1912 854 1997 definit,
877 1912 930 1995 qui
952 1916 1044 1975 natus
1056 1907 1294 1990 destinatusque
1306 1914 1355 1974 est

177 2008 219 2074 ad
241 2010 371 2091 aliquid.

258 2109 461 2175 Substituitur
481 2109 680 2194 participium
701 2111 757 2175 fut.
779 2117 838 2177 aet.
861 2111 893 2175 in
914 2109 1283 2175 locum‘enuntiationum
1305 2127 1353 2174 se·

177 2209 412 2291 cundariarum,
457 2218 489 2275 et
525 2210 725 2276 relativarum
762 2219 793 2277 et
824 2209 1137 2288 conjunctionalium,
1172 2210 1354 2287 causalium,

175 2310 402 2392 temporalium,
423 2310 685 2377 concessivamm.

257 2409 462 2494 Participium
485 2411 541 2476 fut.
563 2418 623 2478 aot.
644 2412 714 2478 viee
733 2411 884 2477 enuntiati
906 2409 1045 2496 primarii
1066 2409 1189 2493 periodi
1200 2409 1352 2494 hypothe-

174 2509 257 2575 tieae
277 2509 425 2593 fungitur.

256 2608 389 2675 Perraro
411 2612 566 2678 invenitur
586 2613 672 2699 apud
698 2613 867 2696 scriptores
893 2611 1084 2697 posteriores
1115 2611 1271 2676 ablativus
1298 2609 1352 2674 ab·

173 2707 292 2775 solutus
313 2711 471 2795 participii
492 2712 589 2778 futuri
611 2714 716 2779 activi.

256 2808 348 2875 Errat
368 2816 473 2876 antem
495 2813 694 2898 Madvigius,
728 2832 797 2879 cum
819 2811 1001 2877 Sallustium
1023 2810 1082 2893 iis,
1119 2810 1173 2894 qui
1193 2809 1351 2875 abstinent

172 2910 337 2993 participio
360 2910 454 2976 futuri
478 2914 571 2979 activi
600 2915 670 2980 loeo
691 2914 843 2979 enuntiati
865 2911 1043 2978 secundarii
1070 2917 1230 2996 usurpato,
1252 2911 1348 2993 scrip

170 3010 290 3075 toribus
312 3012 515 3097 adnumeret,
539 3022 622 3081 errat
643 3021 774 3097 uterque
795 3017 1040 3097 grammaticus,
1074 3032 1144 3077 cum
1167 3011 1349 3077 Ciceronem

124 3155 127 3162 -
171 3111 253 3175 hunc
275 3130 364 3176 usum
389 3113 557 3179 admisisse
579 3123 696 3198 negent
716 3125 746 3180 et
757 3115 879 3179 Livium
901 3115 1034 3197 primum
1055 3132 1145 3178 usum
1167 3131 1239 3177 esse
1261 3111 1349 3176 abla-

170 3212 235 3275 tivo
257 3212 402 3277 absoluto
431 3216 589 3300 participii
611 3216 666 3282 fut.
690 3210 752 3279 act.
775 3214 892 3280 dicant.
916 3214 980 3299 (Of.
1004 3232 1086 3296 quae
1114 3212 1197 3278 infra
1217 3211 1347 3276 afferam

171 3317 204 3376 et
234 3311 403 3375 Schmalnii
437 3314 478 3378 de
520 3317 621 3380 Asinii
655 3314 806 3380 Pollionis
847 3314 1021 3379 elocutione
1057 3313 1348 3379 commentationem

252 3511 350 3577 Porro
372 3513 400 3577 si
421 3521 592 3597 praecepta
613 3516 888 3598 grammaticorum
911 3520 1037 3580 nostrae
1059 3515 1172 3579 aetatis
1183 3512 1273 3594 sequi
1294 3531 1347 3577 vo-

169 3613 282 3693 lumus,
304 3632 387 3695 quae
408 3613 606 3679 inveniuntur
627 3615 711 3699 apud
732 3615 929 3696 Draegerum
950 3617 982 3678 in
1004 3622 1129 3698 syntax.
1154 3613 1225 3677 hist.
1248 3610 1347 3676 vol.II

170 3714 269 3795 partis
290 3713 340 3777 III
372 3720 403 3778 et
423 3712 468 3776 IV
503 3717 605 3794 §573
638 3718 701 3796 (ed.
734 3734 817 3781 anno
841 3715 935 3800 1878)
969 3723 1001 3780 et
1021 3716 1122 3798 Raph.
1144 3711 1347 3777 Kuehnerum

169 3813 201 3877 in
228 3815 436 3896 grammatica
457 3813 570 3878 Latina
603 3817 758 3897 auctiore,
794 3835 888 3898 quam
925 3817 1045 3881 curavit
1075 3814 1154 3880 Rud.
1189 3811 1346 3893 Kuehner,

168 3914 231 3978 vol.
253 3913 294 3996 ΙΙ,
319 3920 335 3980 1
358 3914 568 3980 Hannoverae
590 3917 671 3982 1878
703 3919 723 3996 ἓ
748 3921 806 3984 136
830 3937 856 3981 c.
890 3922 921 3981 et
950 3916 987 3982 G.
1011 3916 1058 3980 W.
1082 3913 1285 3980 Gossravium
1314 3913 1347 3976 in

168 4022 334 4097 grammat.
357 4015 426 4080 Lat.
461 4013 511 4080 ed.
535 4016 564 4078 2.
596 4016 809 4082 emendatiore
855 4021 957 4098 §453
985 4016 1241 4098 Quedlinburgae
1273 4014 1347 4080 anni

170 4117 251 4183 1880
273 4115 372 4197 digna
393 4121 474 4196 sunt,
497 4133 579 4198 quae
601 4117 818 4200 respiciantur.

239 4394 267 4461 1)
286 4390 461 4462 Madvigius,
492 4393 698 4462 grammaticae
723 4393 844 4448 Latinae
873 4392 903 4446 in
921 4392 1083 4449 scholarum
1109 4409 1190 4449 usum
1208 4391 1344 4447 redactae

169 4480 259 4536 editio
279 4482 345 4551 anni
356 4483 435 4539 1844.
473 4481 548 4537 Vide
568 4481 655 4558 ctiam
672 4481 848 4537 recentiores
868 4482 951 4538 huius
969 4482 1174 4552 grammaticae
1194 4480 1344 4535 editiones.

269 4591 299 4648 (l.
320 4591 354 4646 G.
372 4591 494 4662 Zumptii
514 4608 630 4663 gramm.
648 4595 713 4652 Lat.
733 4592 778 4648 ed.
797 4594 857 4661 11.,
889 4609 972 4664 quam
990 4595 1103 4650 curavit
1122 4593 1159 4649 A.
1179 4592 1224 4649 W.
1244 4591 1343 4659 Zump-

168 4678 226 4735 tius
245 4694 319 4735 anno
337 4681 416 4739 1859.

1115 4775 1135 4838 3
