3052 5130
656 237 860 300 ...42-

233 414 317 483 (lurt.
340 420 370 498 8,
393 418 413 480 4
437 420 452 481 1
475 413 533 479 His
565 413 746 497 compositis
777 461 845 480 ...
881 434 921 480 ex
952 416 1092 482 hibernis
1128 419 1226 482 movit
1256 437 1346 484 exer·

477 515 587 597 eitum,
609 515 780 598 regionem,
808 534 890 598 quae
911 517 1043 583 Gazaba
1064 517 1252 602 appellatur,
1279 518 1345 584 adi·

479 620 576 680 turus.

222 781 225 789 k
336 717 1120 799 au13awss39stmmlqaa

335 817 490 899 aar&
534 817 693 897 8‚12,9;
757 820 786 898 o,
809 818 917 898 4,'12;
996 904 998 909 Β

335 915 911 997 ἃωὴᾶὦώςΜᾞἋ

253 1017 302 1081 Ex
323 1016 383 1082 Iuli
404 1015 490 1082 Flori
512 1015 651 1099 epitoma
677 1013 739 1078 duo
761 1015 907 1100 exempla
928 1015 1068 1100 prolerre
1089 1035 1232 1100 possum:
1263 1072 1265 1077 s

38 1160 42 1169 ¹
170 1138 258 1214 1,13
284 1156 315 1219 p.
338 1141 376 1202 22
399 1134 512 1199 Jahn.
536 1180 544 1197 .
568 1135 583 1216 ,ζ
604 1132 758 1215 Pyrrhus,
791 1133 844 1214 qui
868 1137 1096 1216 semigraecam
1124 1153 1165 1198 ex
1185 1132 1346 1199 Lacedae-

404 1235 518 1329 moniis
541 1233 753 1299 conditoribus
775 1233 933 1299 ciuitatem
947 1234 1159 1300 vindicaturus
1181 1252 1251 1298 cum
1271 1234 1346 1299 totis

406 1335 525 1401 viribus
547 1332 704 1399 veniebat.

170 1438 199 1515 2,
224 1439 261 1500 12
284 1453 314 1518 p.
339 1439 378 1502 33
400 1437 432 1500 J.
464 1439 495 1498 et
515 1434 568 1498 ille
591 1433 717 1516 quidem
740 1433 800 1516 (sc.
822 1430 976 1515 Catilina)
1013 1433 1054 1498 ad
1083 1438 1305 1518 praeparatum
1326 1453 1348 1500 a

405 1534 522 1599 Manlio
545 1535 576 1597 in
588 1533 714 1598 Etruria
732 1533 904 1599 exercitum
915 1532 1129 1616 proficiscitur,
1150 1535 1245 1617 signa
1265 1535 1346 1600 inla-

405 1640 491 1699 turus
514 1632 592 1699 urbi.

171 1750 209 1815 Α.
232 1749 262 1815 Ι.
285 1752 317 1818 h.
339 1751 408 1816 Hoc
429 1771 499 1816 cum
518 1748 684 1836 participio
713 1748 869 1813 artissime
893 1748 1041 1816 cohaeret
1061 1749 1103 1831 id,
1126 1769 1188 1833 quo
1209 1752 1237 1818 is
1263 1752 1346 1817 desi-

335 1857 468 1936 gnatur,
508 1851 560 1935 qui
581 1851 720 1933 aliquam
751 1855 934 1933 perpetrare
955 1868 1021 1914 rem
1043 1850 1213 1916 obstinavit
1232 1853 1346 1917 animo.

335 1951 406 2028 Qua
427 1952 548 2016 ratione
569 1951 687 2017 maiore
709 1949 846 2032 quadam
868 1949 899 2012 vi
919 1948 952 2013 id
975 1950 1059 2033 quod
1080 1952 1268 2018 intendimus
1291 1952 1345 2017 de·

333 2057 468 2117 notatur.
511 2038 601 2129 Quae
622 2048 810 2133 significatio
831 2049 960 2134 saepius
981 2050 1115 2114 confusa
1136 2059 1184 2116 est
1206 2071 1276 2116 curn
1299 2072 1349 2134 ea,

334 2171 396 2235 qua
417 2158 594 2238 promptum
616 2155 824 2235 paratumque
845 2168 917 2215 esse
938 2149 1074 2232 aliquem
1098 2150 1139 2215 ad
1161 2152 1280 2235 aliquid
1293 2154 1347 2217 de·

333 2253 436 2318 finitur
457 2272 560 2336 neque
580 2249 776 2316 infitiandum
798 2256 846 2313 est
867 2252 995 2333 saepius
1023 2252 1167 2334 proxime
1195 2271 1265 2318 eam
1294 2273 1347 2319 ac·

335 2353 448 2418 cedere
482 2352 523 2417 ad
559 2353 666 2433 illam,
707 2349 747 2414 de
787 2368 850 2433 qua
881 2350 975 2416 modo
1011 2351 1070 2416 sub
1108 2353 1145 2415 A.
1179 2352 1204 2417 Ι.
1232 2373 1253 2418 a
1283 2354 1345 2419 dis·

335 2454 488 2519 serebam.

251 2551 333 2618 Huic
360 2554 407 2618 rei
439 2553 492 2636 qui
523 2550 702 2617 testimonio
737 2555 809 2615 sunt
840 2551 915 2631 loci,
953 2550 1152 2617 inveniuntur
1183 2552 1268 2639 apud
1294 2555 1344 2620 Li-

174 2651 278 2716 vium:

246 2773 275 2850 3,
296 2773 346 2851 60,
368 2774 387 2836 8
409 2770 461 2835 ubi
482 2769 604 2851 inluxit,
627 2766 787 2851 egreditur
808 2766 918 2832 castris
931 2768 1100 2853 Romanus,
1122 2771 1239 2837 vallum
1259 2772 1345 2838 inva-

405 2889 507 2953 surus,
528 2870 562 2933 ni
583 2869 677 2953 copia
698 2887 825 2952 pugnae
846 2867 945 2931 ficret.

223 2968 293 3034 Huc
309 2969 463 3035 accedunt
478 2989 518 3036 ex
532 2971 634 3054 prima
649 2970 785 3036 decade:
810 2974 837 3050 1,
859 2973 909 3050 51,
931 2975 963 3049 73
986 2976 1014 3048 7,
1036 2970 1086 3052 30,
1109 2973 1163 3050 18;
1187 2977 1215 3053 9,
1238 2977 1288 3052 38,
1310 2980 1344 3055 7,

809 3073 838 3151 3,
860 3072 910 3149 64,
933 3074 967 3148 53
989 3074 1018 3151 7,
1041 3073 1090 3151 31,
1133 3076 1166 3150 4,
1191 3078 1239 3156 10,
1251 3078 1344 3154 26,7;

204 3246 207 3250 ,
808 3175 837 3251 r,
860 3172 1018 3251 22,9;7,
1040 3171 1090 3252 35,
1113 3178 1160 3236 11.

169 3258 235 3333 hir.
259 3273 308 3350 21,
330 3273 379 3348 32,
404 3275 418 3334 1
445 3269 478 3334 Ρ.
503 3269 665 3335 cornelius
687 3268 795 3335 consul
816 3268 918 3333 triduo
944 3269 1011 3334 fere
1031 3275 1118 3354 post,
1140 3291 1235 3354 quam
1256 3274 1346 3339 Han·
1427 3269 1429 3273 ’

444 3369 532 3434 nibal
560 3358 670 3453 aripa
690 3369 839 3434 Rhodani
861 3369 977 3451 movit,
1001 3417 1008 3431 .
1034 3419 1041 3435 .
1064 3416 1071 3432 .
1099 3370 1141 3435 ad
1162 3379 1268 3438 castra
1289 3375 1343 3439 ho-

390 3547 393 3556 ,
446 3471 540 3535 stium
561 3475 699 3551 venerat,
722 3470 839 3533 nullam
861 3469 1032 3535 dimicandi
1054 3491 1174 3536 moram
1195 3471 1342 3539 facturus.

251 3567 308 3633 His
331 3568 533 3634 adnumerum
555 3587 595 3633 ex
616 3571 709 3634 tertia
731 3568 872 3634 decade:

334 3672 978 3752 2tfflss3wstan2uwAm

334 3772 384 3848 21,
407 3770 457 3849 44,
479 3775 514 3849 23
557 3772 606 3848 23,
629 3770 678 3851 14,
702 3774 740 3849 6,·
780 3773 948 3850 30,11,2.

169 3866 236 3933 Liv.
258 3875 307 3947 31,
328 3873 378 3948 24,
400 3871 419 3935 8
443 3867 656 3952 (Philippus).
679 3917 687 3933 .
711 3918 718 3934 .
741 3869 904 3934 considere
924 3889 963 3936 ac
985 3870 1206 3954 conquiescere
1228 3892 1344 3954 agmen

444 3967 545 4046 iussit,
568 3969 598 4033 vi
619 3974 730 4051 aperta
750 3970 916 4055 propalam
937 3989 1064 4051 usurus,
1087 3973 1212 4052 quando
1232 3992 1343 4057 parum

445 4068 535 4133 dolus
557 4069 726 4151 profuerat.

63 4176 75 4205 ‘
157 4239 160 4244 ,
250 4174 299 4250 31,
320 4172 372 4249 42,
395 4174 413 4233 7
436 4168 647 4252 (Philippus).
663 4214 689 4232 ..
712 4168 745 4233 in
765 4170 911 4253 proxima
924 4171 1056 4256 planitie
1069 4172 1219 4254 consedit,
1242 4173 1343 4258 prima

444 4270 514 4333 luce
535 4269 726 4351 insequentis
749 4269 812 4336 diei
834 4270 956 4336 hostem
978 4272 1196 4356 adgressurus.
