3052 5130
658 627 864 690 -21-

170 813 246 878 Tac.
269 814 377 892 anntl,
390 813 429 876 29
451 809 573 873 Drusus
603 812 671 874 orto
698 807 751 873 die
778 812 815 872 et
835 810 950 872 vocata
972 806 1134 887 contione,
1164 825 1353 890 quamquam
1397 791 1399 797 ’
1460 820 1468 834 ·

448 908 535 974 rudis
557 908 698 991 dicendi,
731 908 895 973 nobilitate
922 906 1064 990 ingenita
1090 907 1213 971 incusat
1239 908 1354 990 priora,

450 1010 565 1094 probat
586 1010 777 1094 praesentia.

171 1112 431 1192 Tac.ann.13,21
454 1109 508 1174 Sic
537 1111 634 1177 lenito
650 1109 812 1195 *principis
834 1113 918 1173 metu
952 1114 989 1172 et
1021 1108 1091 1172 luce
1123 1113 1193 1172 orta
1224 1106 1285 1170 itur
1313 1106 1353 1168 ad

448 1209 675 1294 Agrippinam,
703 1215 737 1274 ut
764 1215 910 1274 nosceret
944 1209 1070 1274 obiecta
1104 1206 1355 1288 dissolveretque

450 1310 501 1375 vel
522 1331 643 1395 poenas
664 1310 774 1376 lueret.

252 1409 432 1474 Invenimus
469 1411 605 1496 denique
635 1413 810 1476 iuncturam
844 1410 1082 1494 participiorum
1116 1407 1194 1472 varii
1227 1407 1354 1489 generis
1404 1472 1406 1476 ,

172 1510 343 1595 duplicatis
376 1511 560 1597 iteratisquc
596 1512 868 1578 coniunctionibus
899 1512 931 1576 in
962 1510 1097 1575 eundem
1133 1507 1275 1572 ordinem
1303 1527 1353 1571 cc-

172 1617 329 1676 actorum:

171 1729 238 1794 Liv.
262 1733 312 1812 22,
340 1732 390 1812 28,
414 1735 429 1794 1
455 1729 582 1813 Duplex
617 1729 691 1793 inde
713 1728 885 1792 Hannibali
918 1726 1069 1810 gaudium
1100 1726 1158 1790 fuit
1180 1762 1217 1771 --
1253 1746 1355 1808 neque
1423 1708 1424 1712 ¹

450 1831 533 1894 enim
555 1830 721 1914 quicquam
739 1847 857 1910 eorum,
884 1848 965 1913 quae
987 1827 1072 1911 apud
1096 1827 1202 1891 hostes
1224 1846 1355 1910 ageren-

449 1934 514 2008 tur,
544 1949 614 1995 enm
636 1930 768 1994 fallebat
789 1936 831 1994 et
853 1929 994 2014 perfugis
1016 1929 1115 1992 multa
1142 1927 1354 1992 indicantibus

451 2034 492 2092 et
526 2049 584 2112 per
611 2048 685 2094 suos
720 2031 937 2113 explorantem
959 2051 1014 2090 -z
1050 2047 1123 2090 nam
1161 2034 1192 2091 et
1221 2027 1354 2092 liberam
1438 2032 1442 2037 ’
1470 2110 1472 2114 ⁴

450 2127 566 2193 Minuci
599 2130 808 2195 temeritatem
830 2149 865 2194 se
894 2149 950 2195 suo
977 2128 1070 2193 modo
1098 2133 1294 2211 captaturum
1324 2134 1355 2192 et

449 2229 610 2295 sollertiae
631 2230 722 2294 Fabii
745 2231 908 2295 dimidium
930 2230 1041 2294 virium
1064 2229 1251 2294 decessisse.

125 2320 130 2330 ’
170 2322 172 2326 ’
246 2331 298 2406 41,
323 2330 371 2408 19,
395 2333 434 2397 10
456 2329 590 2396 victores
610 2331 775 2396 confestim
797 2330 1021 2396 circumsidunt
1042 2330 1168 2409 urbem,
1190 2328 1277 2392 baud
1299 2330 1355 2392 dn·
1439 2324 1441 2327 ’

449 2429 500 2494 bie
522 2436 649 2514 postero
680 2431 732 2495 die
761 2436 826 2495 aut
858 2436 943 2495 metu
966 2429 1117 2495 dedituris
1150 2447 1185 2493 se
1213 2429 1356 2493 hostibus

449 2533 575 2596 autri
599 2531 819 2616 expugnaturi.

254 2626 345 2692 Hane
377 2628 565 2695 iuncturam·
584 2633 638 2712 qui
669 2630 803 2713 scriptor
833 2631 1011 2711 admiserit,
1045 2648 1084 2692 nc
1110 2628 1376 2693 audacissimam

172 2727 315 2813 quidem,
340 2728 380 2793 de
403 2748 466 2810 qua
486 2731 576 2796 nobis
598 2733 742 2816 quaestio
765 2737 827 2809 est,
861 2731 947 2796 illam
969 2729 1127 2813 participii
1149 2729 1305 2794 coniuncti
1327 2735 1359 2794 et

172 2827 307 2892 absoluti
330 2830 449 2894 vitasse
471 2831 565 2901 facile
586 2833 727 2916 intellegi
748 2838 861 2916 potest.

254 2929 355 2994 Huius
377 2929 472 3012 igitur
494 2938 668 2998 structurae
689 2934 842 3016 originem
866 2937 961 3015 atque
993 2932 1187 2995 incrementa
1209 2928 1357 3010 quoniam

172 3029 318 3094 duximus
340 3050 358 3095 e
380 3030 567 3117 scriptorum
603 3034 707 3099 studio
741 3039 772 3098 et
800 3033 942 3099 variandi
971 3049 1147 3095 sermonem
1181 3036 1212 3093 et
1246 3029 1357 3093 dissol-

172 3131 266 3195 vendi
302 3131 559 3217 distrahendique
592 3134 719 3217 singula
755 3133 905 3199 orationis
927 3132 1083 3204 membra,
1118 3131 1158 3194 de
1193 3129 1357 3212 exemplis,

171 3248 252 3310 quae
274 3232 398 3314 protuli,
421 3252 461 3298 ne
482 3235 513 3298 in
535 3235 671 3302 alienam
683 3234 875 3320 provinciam
889 3233 1047 3298 involasse
1059 3231 1178 3313 videar,
1201 3236 1354 3313 repetam,

175 3347 256 3410 quac
278 3349 373 3414 supra
395 3330 478 3396 dixi:
513 3354 582 3399 cum
606 3336 757 3420 pleraque
780 3338 842 3401 sint
864 3339 999 3416 excepta
1021 3353 1062 3397 ex
1083 3330 1248 3396 Riemanni
1272 3334 1357 3412 (pro-

173 3448 253 3493 oem.
276 3450 350 3513 pag.
373 3436 413 3497 24
447 3439 478 3496 et
499 3437 538 3500 25
572 3436 605 3499 in
638 3437 711 3500 adn.
734 3443 765 3500 et
799 3438 895 3518 §7),
929 3432 1083 3515 Dracgeri
1115 3435 1211 3514 (synt.
1247 3430 1357 3496 bistl

172 3548 247 3612 pag.
271 3531 356 3611 604),
377 3531 564 3616 Nipperdeii
586 3535 674 3619 (adn.
698 3536 738 3600 ad
759 3536 834 3599 Tac.
856 3553 928 3600 ann.
954 3541 980 3610 1,
1003 3535 1041 3599 bb
1065 3537 1096 3595 et
1117 3535 1146 3609 3,
1164 3532 1230 3616 11),
1257 3531 1358 3595 Weis-

172 3630 334 3694 senbornii
368 3633 454 3715 (adn.
489 3633 530 3698 ad
551 3634 587 3699 T.
610 3634 679 3700 Liv.
704 3641 753 3717 25,
778 3639 827 3715 36,
850 3635 884 3717 b)
918 3633 1043 3717 scriptis
1076 3631 1141 3696 alia
1173 3650 1265 3695 ame
1286 3632 1357 3713 ipso

173 3727 292 3806 addita,
314 3730 391 3795 mibi
413 3735 600 3817 sumpserim
620 3773 658 3781 -
680 3736 713 3800 id
736 3737 820 3817 quod
842 3734 1054 3799 necessarium
1076 3731 1117 3795 ad
1139 3750 1241 3795 meam
1264 3750 1356 3813 argu-

173 3829 396 3895 mentationem
419 3843 487 3898 erat
510 3871 547 3880 —
571 3836 787 3920 exemplorum
808 3835 1026 3915 selectionem,
1057 3831 1270 3917 partitionem,
1294 3831 1357 3894 dis·

173 3930 371 4013 positionem.

722 4103 741 4182 s
765 4104 815 4166 re.

256 4232 306 4297 Ad
329 4237 502 4297 extremam
523 4232 606 4297 hano
627 4233 898 4298 commentationis
920 4236 1041 4316 partem
1063 4231 1157 4295 liceat
1189 4232 1279 4296 nobis
1309 4232 1356 4296 af-

174 4334 257 4398 ferre
280 4334 359 4398 duas
382 4351 514 4413 causas,
547 4352 647 4416 quas,
681 4352 871 4417 quamquam
894 4353 956 4398 non
977 4333 1094 4397 cadunt
1114 4333 1146 4396 in
1170 4351 1245 4410 eas,
1278 4352 1357 4416 quas

175 4433 269 4498 modo
289 4433 540 4521 explicavimus,
574 4440 678 4499 tamen
701 4435 821 4518 aliquid
843 4435 980 4498 valuisse
1002 4433 1136 4497 arbitror
1158 4431 1199 4495 ad
1222 4432 1356 4496 inferen-

174 4534 247 4598 dam
270 4534 356 4598 illam
378 4534 680 4619 propagandamque
692 4534 926 4618 participiorum
948 4533 1149 4597 audaciorem
1172 4533 1357 4598 iuncturam.

174 4634 282 4698 Livius
304 4634 397 4716 enim,
420 4653 513 4716 quem
534 4655 596 4699 non
608 4636 774 4719 praecipiti
796 4635 973 4699 temeritate
995 4633 1045 4697 vel
1066 4632 1278 4714 neglegentia,
1301 4634 1357 4697 sed

174 4734 332 4818 gradatim
354 4739 386 4799 et
417 4733 615 4800 considerate
648 4753 848 4820 progressum
879 4753 949 4800 esse
981 4734 1023 4798 ad
1044 4733 1214 4798 maximam
1248 4733 1281 4797 in
1303 4733 1359 4797 illa
