3052 5130
656 551 973 655 -44-’

173 769 176 781 ’
233 773 374 838 Eandem
396 791 474 858 prae
495 791 530 837 44
552 772 635 838 ferre
646 772 791 837 videntur
806 768 1067 853 significationem
1089 769 1168 836 haec
1183 774 1347 851 exquarta

170 873 291 940 decade
313 875 474 958 exempla:
498 872 549 954 34,
572 877 622 952 22,
645 876 703 953 13,
745 872 795 953 35,
819 874 870 954 39,
891 873 925 950 4,
949 871 998 949 38,
1020 872 1069 952 43,
1095 873 1152 948 11,

499 974 550 1051 34,
573 977 622 1051 37,
668 977 706 1056 6,
746 976 795 1053 37,
811 968 868 1049 27,
891 973 919 1037 3.

252 1073 312 1150 Qui
335 1075 549 1157 exemplorum
577 1091 724 1138 numerus
746 1077 878 1153 augetur
909 1069 1018 1153 quinta
1039 1068 1177 1150 decade,
1212 1087 1252 1134 ex
1284 1086 1347 1150 qua

170 1174 438 1258 exprompsimus:

168 1293 454 1373 Ι44.44,12,8.
479 1289 745 1373 ..praetervecti
774 1289 815 1352 ad
845 1286 951 1352 Iolcon
979 1286 1113 1351 classem
1149 1285 1346 1368 appulerunt,
1467 1320 1471 1333 ·
1505 1274 1509 1283 ’

445 1389 520 1454 indo
549 1408 627 1472 agro
654 1394 778 1454 vastato
800 1386 1035 1454 Demetriadem
1067 1403 1190 1469 quoquc
1216 1385 1347 1468 adgres-

255 1588 322 1673 44,
346 1591 395 1672 30,
421 1509 549 1672 13ῗῃ44,
572 1592 621 1670 35,
645 1593 699 1668 13,
720 1590 772 1671 45,
793 1589 844 1665 24,
867 1592 914 1654 12.

252 1707 341 1772 Η444
376 1725 457 1788 quae
490 1706 694 1790 comprobant
729 1710 825 1788 atque
865 1706 1049 1771 confirmant
1081 1703 1228 1786 exempla
1261 1701 1370 1786 apud¹

170 1808 309 1873 Curtium
331 1826 388 1891 pro
415 1806 519 1889 operis
541 1806 756 1889 magnitudine
777 1806 863 1872 haud
886 1826 989 1890 pauca
1009 1809 1147 1871 exstant:

295 1915 324 1989 5,
346 1912 375 1989 9,
399 1909 437 1971 10
461 1905 628 1989 strictoque
660 1906 788 1972 acinace
820 1907 1038 1973 interfecturus
1067 1925 1138 1971 eum
1170 1903 1346 1983 videbatur,
1478 1974 1480 1979 ⁸

447 2005 479 2070 ni
499 2003 633 2090 propere
655 2006 771 2071 Bessus
784 2006 1006 2089 Bactrianique
1026 2006 1118 2087 quasi
1139 2004 1346 2088 deprecaren-

324 2190 327 2198 .
447 2113 496 2170 tor
516 2107 649 2171 tristium
665 2107 783 2190 specie,
805 2113 953 2190 ceterum,
975 2108 1001 2172 si
1015 2111 1241 2192 perseveraret,
1262 2105 1346 2169 vinc-

447 2206 507 2271 turi
529 2207 815 2273 ciroumstetissent.
1085 2292 1087 2298 Ι

274 2313 303 2384 4,
328 2311 377 2389 10,
400 2313 419 2373 5
441 2306 503 2371 Diu
525 2307 669 2372 omnibus
689 2308 837 2390 cogitatis
859 2307 976 2393 placuit
997 2325 1054 2390 per
1074 2306 1188 2371 milites
1207 2304 1346 2370 Bactria·

447 2425 505 2471 nos
527 2408 568 2472 ad
590 2427 681 2472 omne
704 2408 889 2490 obsequium
917 2407 1090 2472 destinatos
1124 2425 1230 2491 regem
1263 2425 1346 2470 com-

446 2507 643 2591 prehendere
665 2508 809 2589 mittique
831 2507 971 2571 nuntium
992 2507 1033 2571 ad
1046 2507 1271 2587 Alexandrum,
1294 2506 1347 2589 qui

446 2606 600 2671 indicaret
620 2607 724 2671 vivum
746 2607 908 2672 adservari
932 2626 1017 2672 cum:
1040 2607 1077 2687 si,
1099 2606 1132 2671 id
1153 2606 1237 2690 quod
1258 2607 1347 2672 time·

448 2706 541 2788 bant,
565 2706 772 2790 proditionem
793 2714 980 2790 aspernatus
1003 2711 1102 2788 44444,
1130 2707 1263 2772 44444444
1285 2708 1348 2772 Da-

447 2826 534 2874 reum
572 2812 604 2871 et
645 2808 762 2874 Bactra
797 2828 867 2874 cum
908 2827 1034 2875 suarum
1071 2807 1211 2891 gentium
1254 2826 1347 2872 manu

364 2956 366 2960 .
448 2907 584 2992 petituri.

251 3029 436 3096 Theodorus
457 3029 557 3113 Vogel
590 3030 632 3096 ad
664 3026 813 3096 ‘occisuri
846 3037 877 3097 et
907 3029 1042 3115 petituri
1077 3029 1196 3095 addere
1230 3029 1349 3095 mavult

164 3125 279 3193 ‘erant’
301 3149 395 3211 quam
416 3133 551 3195 tolerare
573 3133 833 3196 constructionem
855 3131 1107 3196 audacissimam.
1137 3130 1254 3196 Oontra
1276 3149 1347 3214 ogo,

172 3228 246 3309 quin
269 3249 370 3294 rerum
393 3231 525 3315 scriptor
546 3231 605 3295 hoc
626 3231 697 3296 loco
719 3231 830 3313 levem,
853 3250 934 3313 quae
954 3237 1093 3311 vocatur,
1116 3231 1348 3296 anacoluthiam

171 3327 344 3409 admiserit,
365 3349 427 3393 non
450 3331 568 3394 dubito.
597 3330 680 3394 Nam
702 3349 772 3395 cum
793 3350 856 3396 non
876 3331 1047 3415 respiceret
1065 3332 1258 3413 praecedens
1280 3352 1348 3396 vcr-

172 3430 244 3492 bum
263 3427 402 3511 ‘placuit’
427 3437 458 3493 et
479 3431 584 3494 animo
614 3431 816 3497 substitueret
844 3429 1098 3514 ε4444441444444,
1134 3429 1346 3497 decreverant

171 3528 382 3611 frequentiore
403 3530 562 3615 participii
584 3530 678 3595 futuri
699 3531 792 3596 activi
815 3549 873 3594 usu
895 3531 1108 3613 proximorum
1119 3532 1255 3615 capitum
1279 3551 1347 3614 per-

171 3630 282 3694 ductus
304 3634 362 3710 est,
384 3636 418 3694 ut
439 3632 609 3710 oberarret‚
631 3631 817 3714 praesertim
839 3650 908 3694 cum
930 3632 1013 3695 idem
1037 3631 1271 3715 participiorum
1292 3650 1346 3713 ge·

170 3748 228 3794 nus
264 3729 305 3793 ad
327 3730 460 3794 eandem
490 3730 557 3795 fere
584 3749 650 3795 rem
672 3731 895 3796 declarandam
928 3731 1127 3815 usurpaverit
1151 3731 1247 3815 paulo
1275 3735 1349 3796 ante

171 3835 200 3910 5,
223 3833 252 3907 9,
275 3833 314 3897 le
335 3834 368 3893 et
389 3835 418 3910 5,
440 3833 468 3910 9,
490 3829 519 3895 2.

253 3950 365 4017 Cetera
387 3971 468 4036 quae
501 3952 561 4017 huc
583 3952 722 4019 referam
742 3953 911 4038 participia
937 3954 992 4018 lut.
1020 3959 1080 4019 aot.
1103 3952 1253 4018 04444444
1275 3971 1346 4017 444·

169 4051 362 4136 spiciuntur:
396 4061 424 4137 5,
446 4054 475 4134 2,
518 4058 554 4133 4,
598 4058 701 4135 6,11,
725 4059 776 4134 19,
820 4057 900 4133 8,8,
925 4058 980 4134 17,
1044 4058 1125 4136 0,·5,
1149 4058 1182 4134 1,

398 4161 428 4235 5,
454 4162 501 4236 11,
523 4161 558 4236 5,
600 4160 631 4236 7,
674 4159 780 4235 6,11,
823 4159 984 4237 8,10,1,
1029 4160 1077 4234 10,
1101 4157 1129 4233 2,
1151 4160 1180 4221 7.

253 4271 302 4335 llx
323 4271 383 4336 Iuli
404 4271 490 4335 Flori
511 4272 649 4355 epitoma
669 4290 859 4355 proponam:

169 4372 196 4451 Ι,
219 4374 257 4438 33
279 4391 355 4456 pag.
379 4377 428 4452 15,
451 4373 489 4436 18
510 4371 555 4436 J.:
578 4373 690 4453 Itaque
710 4392 773 4436 non
804 4379 852 4437 est
874 4371 1028 4455 permissa
1049 4390 1157 4454 pugna
1177 4369 1348 4449 morituris;

419 4470 502 4551 quod
524 4470 712 4540 Germanice
732 4478 838 4537 vertas
862 4472 942 4556 „den
964 4491 1032 4536 aum
1054 4471 1144 4537 Tude
1165 4470 1346 4536 1444444444-

417 4573 544 4636 4444444.

253 4667 348 4733 04444
376 4687 450 4735 4444
478 4671 656 4737 subtiliores
692 4670 882 4737 variationes
909 4670 1158 4754 mutationesque
1186 4670 1214 4735 si
1236 4688 1346 4754 perse-
