3052 5130
660 629 865 689 ..bl-

449 806 576 870 Furium
598 806 782 870 dictatorem
805 805 974 890 insequens
996 826 1098 872 annus
1120 806 1244 886 babuit,
1267 807 1352 872 haud

448 906 517 971 sine
548 906 668 989 pudore
691 911 776 971 certe
798 906 930 972 fractum
954 908 1058 990 priore
1080 926 1163 972 anno
1185 909 1218 972 in
1239 926 1275 972 se
1295 907 1352 973 im-

446 1008 568 1090 perium
590 1007 803 1090 repetiturum.

173 1141 240 1205 biv.
262 1143 290 1218 8,
316 1144 364 1218 17,
387 1145 426 1208 10
448 1159 486 1205 co
508 1141 681 1212 certamine
702 1140 846 1221 superior
868 1140 1064 1219 Alexander,
1099 1141 1267 1217 incertum,
1290 1161 1353 1224 qua

447 1240 509 1305 lide
532 1240 685 1319 culturus,
707 1240 734 1304 si
757 1240 887 1323 perinde
910 1246 1016 1305 cetera
1036 1242 1273 1324 processissent,
1297 1262 1352 1325 pa·

449 1360 516 1406 cem
539 1333 610 1406 cum
632 1341 781 1405 Romanis
802 1340 883 1405 fecit.

172 1472 239 1538 Liv.
262 1476 301 1553 9,
323 1473 385 1553 29,
406 1477 425 1538 4
446 1494 505 1538 nec
526 1475 621 1540 tantis
649 1474 855 1557 apparatibus
884 1474 985 1538 elatus
1013 1474 1053 1538 de
1084 1472 1247 1540 inferendo
1270 1475 1351 1541 bello

447 1575 558 1657 agitat,
573 1575 733 1658 quieturus
750 1573 834 1638 baud
848 1573 952 1652 dubie,
961 1573 1021 1637 nisi
1034 1573 1114 1638 ullro
1129 1594 1218 1640 arma
1228 1575 1351 1639 Etrusci

447 1674 608 1739 inferrent,

234 1791 280 1857 cf.
304 1792 397 1856 etiam
421 1790 569 1855 liberrimi
598 1810 672 1856 usus
695 1790 896 1875 exemplum:

171 1907 238 1974 Liv.
261 1913 311 1990 23,
332 1912 382 1991 44,
405 1913 439 1973 2:
462 1928 503 1972 an
540 1908 691 1973 dedituris
719 1926 754 1972 se
789 1907 959 1972 Hannibali
990 1907 1087 1973 fuisse
1124 1909 1349 1975 accersendum

447 2008 657 2072 Romanorum
679 2007 895 2091 praesidium?

253 2126 348 2191 Plura
369 2126 516 2208 exempla
538 2125 671 2209 praebet
693 2125 817 2189 Curtius
839 2143 898 2189 nec
919 2125 1032 2189 desunt
1052 2125 1137 2208 apud
1159 2125 1301 2190 Florum:

170 2259 576 2342 Gurt.5‚13‚l31amquc
615 2261 775 2342 conspecti
811 2279 831 2324 a
860 2259 1004 2325 barbaris
1036 2264 1126 2323 crant
1163 2265 1195 2324 et
1233 2260 1351 2324 abeun-

446 2359 522 2424 tium
550 2379 665 2442 agmen
686 2365 918 2444 conspexerant
939 2377 1139 2440 nequaquam
1168 2359 1263 2424 futuri
1296 2379 1350 2441 pa·

444 2478 512 2540 res,
540 2460 567 2524 si
588 2459 689 2525 Besso
718 2466 838 2525 tantum
860 2461 956 2524 animi
989 2459 1102 2524 luisset
1123 2461 1165 2524 ad
1187 2458 1351 2543 proelium,

447 2564 596 2654 quantum
618 2559 659 2623 ad
682 2559 884 2641 parricidium
906 2559 1018 2623 fuerat.

171 2677 253 2742 Curt.
277 2681 420 2758 ululo
443 2676 619 2741 seducte
641 2676 716 2739 mibi
739 2676 913 2740 credidisse
940 2675 1117 2759 paeniteat,
1152 2694 1203 2739 res
1231 2674 1273 2738 ad
1301 2693 1352 2738 mc
1385 2688 1390 2701 ‘
1477 2684 1480 2688 '

447 2775 646 2840 deferebatur
668 2795 688 2839 a
709 2795 826 2859 puero,
849 2777 985 2857 quinon
1007 2779 1129 2857 testem,
1152 2794 1213 2838 non
1234 2775 1351 2858 pignus

446 2876 553 2941 indicii
583 2875 733 2940 exhibere
754 2881 895 2959 poterat,
919 2875 1102 2957 impleturus
1125 2894 1234 2939 omnes
1256 2879 1350 2956 metu,

446 2978 473 3041 si
490 2977 647 3060 coepisset
668 2977 780 3042 audiri.

273 3100 301 3171 8,
325 3099 354 3175 2,
380 3101 417 3161 12
442 3094 572 3176 Quoque
606 3095 708 3169 minus
741 3094 849 3159 caedis
872 3092 1019 3176 puderet,
1055 3092 1121 3156 iure
1154 3091 1350 3155 interfectum

446 3194 559 3259 Clitum
593 3195 784 3260 Macedones
823 3196 995 3257 decernunt
1029 3192 1189 3275 sepultura
1227 3211 1352 3274 quoque

447 3293 644 3376 prohibituri,
667 3295 698 3358 ni
721 3313 777 3358 rex
800 3294 921 3357 humari
941 3293 1095 3358 iussisset.

275 3412 314 3490 8,
337 3413 375 3487 3,
397 3410 419 3473 4
440 3408 497 3472 llle
531 3410 693 3474 acinacem
727 3411 854 3475 strinxit
882 3428 1086 3491 percussurus
1119 3427 1263 3490 uxorem,
1291 3409 1351 3474 nisi

445 3508 619 3592 prohibitus
642 3517 727 3574 esset
754 3510 885 3574 fratrum
909 3511 977 3573 cius
999 3527 1139 3574 occursu.

276 3626 371 3690 Plura
393 3627 538 3709 leguntur
560 3627 708 3711 exempla
729 3626 812 3690 Ourt.
837 3631 867 3709 8,
884 3631 913 3706 3,
937 3630 989 3707 143
1013 3630 1042 3707 8,
1065 3632 1093 3699 7,
1116 3630 1149 3704 73
1179 3630 1207 3703 9,
1229 3631 1247 3689 7
1270 3629 1320 3690 22.

169 3757 252 3823 Flor.
277 3764 306 3840 2,
331 3765 368 3827 13
390 3782 464 3846 pag.
490 3767 548 3828 100
571 3761 623 3826 J.:
659 3762 765 3825 odium
798 3761 898 3844 ipsius
930 3760 1028 3843 regis,
1062 3761 1115 3842 qui
1138 3758 1268 3841 Pompei
1296 3777 1350 3823 ne·

447 3880 515 3926 cem
544 3862 679 3945 partium
713 3860 795 3943 fato,
830 3881 892 3926 non
915 3859 1045 3925 Caesari
1079 3859 1230 3935 dederat,
1264 3857 1352 3922 baud
1441 3904 1447 3911 -

447 3961 542 4027 dubie
576 3961 661 4025 idem
701 3961 735 4024 in
760 3961 864 4045 ipsum
906 3978 1052 4039 ausurus,
1096 3958 1259 4023 siluisset
1300 3977 1351 4023 oc·

447 4063 534 4126 casio
555 4063 593 4142 ¹).

229 4179 308 4243 Tam
332 4182 437 4247 varias
460 4184 706 4266 significationes
733 4183 765 4244 in
799 4201 860 4246 uno
884 4181 1050 4265 participio
1073 4182 1167 4249 futuri
1189 4185 1283 4250 activi
1305 4185 1350 4249 in·

170 4297 240 4344 csse
264 4281 322 4345 etsi
354 4282 418 4346 iam
441 4289 564 4349 constat
591 4284 671 4347 inter
693 4283 836 4348 homines
859 4284 986 4362 doctos,
1020 4290 1127 4350 tamen
1158 4305 1220 4349 non
1242 4285 1350 4350 inutile

169 4379 237 4444 t'ore
257 4382 391 4449 arbitror
413 4403 462 4448 me
480 4383 579 4449 latius
600 4402 667 4448 rem
679 4384 864 4466 exposuisse
887 4384 927 4446 ab
949 4385 1154 4450 usitatissimo
1175 4385 1350 4468 profectum
1473 4438 1476 4444 .

243 4680 270 4751 l)
291 4681 361 4737 (lod.
381 4681 451 4738 Nan.
469 4684 592 4752 praebet
610 4684 635 4740 si
654 4684 829 4753 expedisset.
933 4697 936 4701 ·
