3052 5130
258 1040 346 1105 Haec
368 1045 400 1104 et
420 1040 484 1103 alia
499 1039 532 1103 id
554 1058 655 1121 genus
677 1041 707 1103 in
729 1038 854 1122 seriptis
876 1037 1152 1119 grammaticorum
1172 1038 1377 1102 nostratium

176 1139 323 1222 dispersa
344 1146 438 1222 atque
459 1139 615 1222 dissipata
636 1157 757 1204 conexa
779 1139 839 1203 sihi
862 1145 1062 1221 sumpserunt
1077 1157 1138 1202 non
1157 1143 1222 1202 tam
1237 1137 1276 1201 de
1292 1137 1357 1202 suis
1445 1169 1448 1175 ·

175 1244 340 1330 augentes⁸
351 1239 410 1302 viri
432 1240 493 1303 duo
515 1239 596 1304 bene
618 1238 658 1303 de
681 1239 770 1303 Livio
791 1237 914 1319 meriti,
951 1238 1074 1301 Harant
1106 1237 1356 1319 (emendationes
1471 1290 1475 1295 .

174 1344 205 1404 et
226 1338 446 1403 adnotationes
468 1338 509 1401 ad
531 1339 635 1403 Titum
658 1338 801 1419 Livium,
836 1338 938 1401 Latet.
962 1337 1060 1401 Paris.
1085 1341 1194 1417 1880.)
1219 1343 1251 1401 et
1273 1336 1355 1402 Otho

174 1437 326 1503 Riemann
350 1439 474 1519 (dtudes
502 1457 556 1502 sur
582 1439 614 1502 la
635 1439 752 1520 langue
781 1444 812 1501 et
838 1436 871 1500 la
892 1437 1083 1518 grammaire
1116 1436 1157 1503 de
1178 1435 1354 1517 Tite-Line,

174 1537 276 1603 2ihme
299 1536 427 1618 edition,
449 1539 550 1620 Paris,
572 1538 689 1603 Thoria
713 1541 818 1616 1885).

256 1672 378 1736 Harant
405 1672 486 1735 enim
508 1669 528 1736 l.
550 1672 569 1737 l.
603 1690 677 1754 pag.
702 1677 759 1738 112
793 1671 952 1753 cognitam
989 1689 1029 1735 ex
1063 1671 1168 1735 multis
1201 1671 1355 1754 exemplis

173 1777 359 1835 structuram
382 1771 511 1837 adhibet
541 1772 582 1836 ad
604 1771 814 1835 restituendas
836 1771 1002 1834 nonnullas
1027 1771 1179 1836 lectiones
1201 1771 1355 1853 codicum,

173 1872 255 1935 sicut
276 1873 354 1935 tueri
377 1879 508 1936 conatur
532 1877 581 1952 25,
608 1875 656 1950 14,
679 1874 698 1936 8
720 1870 839 1935 codicis
862 1870 995 1935 Puteani
1017 1871 1182 1935 lectionem
1207 1870 1355 1935 similem·

174 1989 235 2051 que
257 1972 392 2053 positam
415 1992 435 2035 a
456 1970 546 2034 Livio
569 1989 640 2034 csse
660 1971 780 2051 ll,26,
802 1973 821 2032 3
843 1969 1012 2034 arbitratur
1032 1972 1119 2035 nisus
1141 1971 1260 2035 codicis
1281 1990 1353 2035 auc·
1438 2045 1440 2048 Α

172 2071 306 2135 toritate.
995 2092 997 2097 ·

257 2186 339 2252 Otho
360 2186 512 2250 Riemann
535 2205 610 2251 vero
632 2187 664 2250 in
686 2184 881 2270 praefatione
904 2185 974 2249 lihri
1003 2186 1051 2249 sui
1080 2187 1219 2268 egregiis
1248 2186 1355 2252 obser-

172 2286 350 2351 vationibus
373 2286 458 2369 pleni
483 2305 513 2367 p.
537 2288 576 2349 24
598 2305 655 2349 suo
677 2286 744 2350 iure
766 2305 883 2357 veram,
911 2305 972 2348 non
995 2284 1116 2348 utheri
1137 2287 1228 2367 solet,
1250 2285 1354 2350 fictam

172 2386 253 2450 inter
275 2387 434 2450 Ciceronis
456 2383 602 2466 Liviique
624 2404 725 2467 genus
760 2385 886 2450 dicendi
919 2385 1164 2467 discrepantiam
1192 2385 1354 2469 explicare

172 2492 302 2551 conatur
335 2486 383 2548 his
407 2485 472 2548 fere
495 2484 615 2548 verbis:
656 2486 756 2565 ,D'un
778 2491 867 2548 autre
888 2487 959 2549 cdte
987 2504 1027 2549 au
1049 2485 1111 2548 lieu
1139 2504 1199 2566 que
1222 2487 1354 2550 Ciceron

173 2584 359 2662 recherche,
394 2603 431 2648 err
455 2584 599 2667 general,
633 2602 711 2648 avec
743 2585 811 2647 soin
842 2584 874 2648 la
895 2583 1046 2665 symetrie
1071 2583 1112 2648 de
1138 2585 1354 2667 l'expression,

160 2685 313 2756 ‘'ll-live,
334 2703 455 2748 comme
468 2683 605 2748 Salluste
625 2685 751 2768 prefero
773 2687 906 2748 souvent
927 2683 1061 2747 varier
1084 2688 1104 2748 a
1125 2684 1299 2764 dessein,
1323 2692 1355 2748 et

170 2783 232 2848 l'on
253 2791 417 2849 rencontrc
439 2784 515 2863 ddja
538 2784 615 2847 chen
635 2784 679 2847 lui
700 2784 866 2866 detemps
899 2803 938 2848 en
975 2789 1078 2869 temps
1111 2804 1154 2850 ce
1186 2803 1352 2865 manqne
1442 2846 1447 2851 .

172 2885 217 2949 de
239 2883 434 2969 symetrie
456 2884 578 2948 voulu
599 2883 652 2965 qui
675 2902 746 2947 sera
768 2903 808 2947 un
829 2884 886 2948 des
908 2886 998 2949 traits
1015 2884 1287 2967 caracteristiques
1310 2885 1351 2949 du

172 2986 254 3068 style
276 2984 316 3049 de
338 2985 477 3048 'Facilest‘
522 2984 611 3060 Quae
640 2990 673 3047 ut
694 2984 901 3065 illustrentur,
937 2985 1022 3049 haud
1058 3005 1188 3068 parvum
1225 2986 1354 3068 collegit

171 3085 385 3167 exemplorum
408 3103 586 3167 nnmerum,
620 3102 700 3165 quae
723 3085 893 3149 commixta
915 3086 1108 3166 confusaque
1141 3086 1167 3148 si
1190 3085 1352 3149 discernas
1472 3121 1477 3129 ·

172 3191 266 3266 atque
288 3190 407 3248 eertum
435 3184 466 3246 in
489 3168 629 3247 ordinem
650 3182 794 3265 redigas,
815 3184 902 3249 ,usui
924 3186 986 3249 sint
1007 3184 1090 3248 haud
1112 3184 1288 3266 spernendo
1311 3184 1353 3248 ad

173 3283 400 3348 accuratiorem
423 3289 597 3348 structurae
618 3283 701 3347 illius
723 3284 944 3366 cognitionem.

254 3405 372 3469 Breves
394 3406 452 3468 has
486 3405 704 3470 adnotationes
738 3426 778 3470 ex
800 3407 930 3472 aliorum
963 3405 1088 3489 seriptis
1121 3411 1288 3489 excerptas
1320 3412 1354 3470 nt
1452 3452 1455 3459 .

172 3505 294 3584 finiam,
332 3504 391 3567 viri
413 3505 493 3568 inter
514 3511 669 3569 nostrates
693 3503 835 3570 doctrina
856 3512 887 3570 et
908 3507 1068 3570 literarum
1095 3506 1228 3569 scientia
1250 3505 1353 3570 excel·
1476 3588 1479 3593 ἱ

170 3605 271 3677 lentis,
295 3603 480 3668 Bernhardii
513 3604 598 3668 dicta
619 3604 766 3688 reddam,
795 3626 876 3688 quae
910 3607 1109 3671 inveniuntur
1138 3608 1169 3668 in
1202 3605 1352 3670 historiae

170 3704 331 3768 literarum
351 3702 533 3767 Latinarum
556 3705 692 3768 editione
715 3712 828 3785 quarta
848 3703 923 3769 anni
948 3709 1028 3771 1865
1049 3724 1125 3789 pag.
1146 3709 1214 3786 671,
1237 3706 1289 3769 ubi
1312 3705 1352 3769 de
1470 3754 1481 3798 .·

170 3803 250 3866 Livii
273 3805 426 3866 sermonis
464 3804 690 3886 compositione
712 3804 842 3869 laudata
876 3805 1056 3886 eloquentia
1088 3805 1155 3869 eius
1191 3812 1222 3870 et
1253 3825 1350 3870 venu-

169 3909 251 3966 state
273 3902 401 3965 disserit
428 3902 488 3965 hoc
520 3903 586 3967 fere
619 3903 727 3966 modo:
767 3905 827 3982 ,At
855 3904 933 3967 Livii
956 3905 1116 3987 elegantia
1149 3909 1180 3967 et
1201 3905 1352 3970 orationis

170 4005 297 4067 ubertas
315 4009 408 4067 aucta
429 4021 491 4066 non
514 4008 562 4066 est
583 4003 801 4084 concinnitate,
824 4005 912 4069 cuius
934 4004 1016 4068 adeo
1038 4010 1086 4070 est
1107 4004 1297 4087 neglegens,
1319 4011 1353 4069 ut

170 4103 210 4166 de
232 4103 387 4167 industria
408 4101 515 4166 laedat
537 4105 710 4167 sententias
722 4105 873 4167 variando
896 4124 935 4168 ne
957 4105 1074 4169 veritus
1097 4103 1222 4185 quidem
1247 4105 1351 4169 durio·

169 4222 235 4266 rem
281 4203 445 4267 verborum
489 4202 776 4283 sententiarumque
819 4203 1055 4270 collocationem
1103 4210 1134 4269 et
1176 4204 1351 4274 conforma-

169 4302 320 4366 tionem.“
930 4329 931 4332 ¹

252 4425 341 4489 Haec
362 4423 428 4488 iere
450 4431 522 4488 sunt
544 4443 626 4503 quae
648 4438 809 4509 comperta
830 4425 934 4489 habeo
956 4424 995 4489 de
1016 4425 1077 4488 hac
1088 4426 1214 4507 generis
1227 4424 1352 4488 dicendi

170 4523 292 4588 Liviani
316 4525 528 4605 proprietate,
564 4544 658 4606 quam
680 4526 931 4608 pertractandam
954 4525 1096 4608 suscepi,
1134 4525 1268 4606 undique
1290 4524 1352 4589 col-

169 4623 252 4687 lecta
272 4643 312 4687 en
334 4625 575 4704 commentariis,
599 4627 774 4707 conquisita
795 4646 836 4689 ex
858 4625 1073 4706 grammaticis
1095 4625 1238 4705 variique
1259 4643 1352 4706 argn-

170 4724 265 4787 menti
287 4723 384 4790 libris.
