3052 5130
669 191 872 255 ..15-

458 369 516 433 bus
539 369 651 434 animis
663 376 694 434 et
701 370 960 453 castigationibus
972 374 1056 455 regis
1070 374 1101 437 in
1112 374 1253 441 admissa
1267 377 1361 461 eulpa

457 473 488 532 et
505 469 598 533 simul
619 471 774 536 minarum
795 471 888 537 simul
918 475 1142 556 promissorum
1171 476 1201 538 in
1224 475 1360 542 futnrnm

457 587 623 636 memores.

179 669 310 751 Liuii,
329 671 376 750 19,
400 673 418 732 7
461 675 493 732 et
514 671 633 735 maiore
656 671 816 754 aliquanto
838 691 931 754 quam
953 678 1059 738 cetera
1080 674 1238 740 iuventute
1262 681 1293 740 et
1306 697 1360 742 ve·

455 769 552 833 lidum
574 771 727 855 oppidum
749 771 911 836 moenibus
933 777 1008 837 erat.

178 869 261 934 Ourt.
286 873 313 948 9,
335 873 404 951 2,1
450 869 542 933 tertio
578 870 630 935 die
661 890 785 936 amnem
814 891 965 955 superare
992 873 1191 954 decreverat,
1226 875 1360 939 transitu

455 967 613 1034 difficilem
642 991 704 1035 non
731 972 834 1055 spatio
855 974 956 1037 solum
980 991 1150 1054 aquarum,
1184 974 1358 1039 sedetiam

454 1071 542 1134 saxis
565 1071 748 1155 inpeditum.

258 1168 489 1249 Nonnunquam
518 1170 688 1257 respondet
708 1172 907 1236 antecedenti
928 1171 1124 1237 substantivo
1147 1171 1357 1256 participium.

258 1289 287 1333 a.
308 1269 488 1334 relativum:

176 1369 302 1453 tiam,
318 1373 435 1461 231ος
458 1388 528 1433 cum
551 1368 643 1432 tertia
671 1372 727 1450 (sc.
758 1370 862 1452 perte)
885 1370 954 1451 ipse
976 1368 1126 1454 expedita
1157 1370 1189 1432 in
1221 1371 1357 1436 statione

453 1473 521 1532 erat
554 1468 646 1531 simul
674 1469 786 1533 castris
819 1470 980 1553 praesidio
1019 1474 1050 1535 et
1083 1470 1358 1554 circumspectans

452 1569 596 1633 necunde
614 1569 749 1652 impetus
770 1567 868 1634 fieret.

245 1672 296 1746 23,
318 1672 410 1748 36,8
557 1669 659 1751 magis
691 1670 974 1735 verecundia...
1014 1687 1108 1751 quam
1141 1670 1219 1734 satis
1254 1671 1355 1736 fidens

454 1768 614 1832 exercitui.

245 1871 294 1951 24,
327 1871 357 1950 8,
385 1872 405 1935 8
448 1915 484 1932 ..
507 1867 598 1932 nobis
621 1921 627 1933 .
652 1918 658 1931 .
681 1869 714 1931 in
735 1875 890 1953 apparatu
914 1868 984 1951 ipso
1007 1886 1045 1931 ac
1067 1873 1185 1933 tantum
1207 1870 1354 1935 incohan-

451 1967 534 2032 tibus
551 1986 601 2032 res
623 1987 724 2032 annus
745 1968 977 2050 circumagitur.

176 2069 258 2134 Ourt.
282 2073 313 2148 8,
337 2072 385 2150 12,
408 2071 426 2133 3
450 2118 456 2132 .
480 2114 487 2131 .
511 2117 518 2131 .
542 2068 610 2131 sive
633 2069 707 2134 odio
729 2069 817 2134 ducis
836 2070 903 2135 sive
925 2067 1059 2151 gratiam
1081 2069 1209 2133 victoris
1239 2068 1353 2134 inituri.

173 2171 250 2235 Tae.
262 2171 439 2251 ann.13‚25
455 2167 622 2232 Ludicram
646 2189 769 2252 quoque
791 2170 948 2234 licentiam
963 2173 993 2232 et
1010 2170 1148 2233 fautores
1171 2170 1354 2235 histrionum

451 2267 588 2331 velutin
610 2269 730 2350 proelia
752 2270 904 2334 convertit
923 2269 1108 2351 impunitate
1141 2273 1171 2332 et
1204 2271 1354 2352 praemiis

452 2373 548 2446 atque
583 2366 653 2450 ipse
685 2368 824 2432 occuitus
863 2373 894 2431 et
926 2367 1109 2450 plerumque
1142 2384 1248 2432 coram
1281 2389 1353 2452 pro-

449 2472 607 2548 spectans.

256 2568 285 2632 b.
308 2565 502 2632 absolutum:

173 2666 240 2732 arv.
263 2669 291 2750 1,
307 2652 364 2749 ie,
387 2669 406 2730 2
450 2711 458 2726 .
482 2712 489 2728 .
513 2665 753 2748 (Tarquinius).
777 2709 784 2725 .
808 2670 839 2728 er
859 2664 929 2747 ipse
951 2661 1072 2726 iuvenis
1094 2661 1233 2726 ardenta
1255 2663 1352 2726 animi

449 2771 481 2829 et
502 2764 587 2828 domi
620 2784 718 2830 uxore
738 2764 844 2829 Tullia
865 2764 1037 2845 inquietum
1070 2760 1207 2824 animum
1245 2763 1352 2827 stimu-

451 2865 544 2928 lante.

211 3011 216 3020 ·
239 2968 299 3046 38,
327 2971 363 3045 5,
386 2970 404 3030 7
448 2971 572 3029 noctem
594 2969 712 3029 certam
735 2968 921 3047 tempusque
944 2963 1038 3029 etiam
1061 2961 1161 3026 noctis
1183 2962 1351 3039 constituit,

449 3083 510 3128 ouo
532 3070 563 3127 et
583 3064 627 3128 illi
650 3064 691 3129 ab
713 3065 791 3129 urbe
812 3082 909 3148 opera
927 3063 1073 3143 hostium,
1096 3079 1177 3143 quae
1200 3062 1351 3127 adversus

448 3164 621 3248 Pyrrheum
643 3171 741 3246 erant,
764 3164 1021 3248 adgrederentur,
1044 3168 1076 3226 et
1095 3161 1165 3244 ipse
1184 3161 1226 3225 ad
1248 3168 1352 3226 castra

447 3266 591 3331 Romana
612 3273 761 3333 terrorem
784 3266 915 3345 faceret,
937 3283 1033 3347 posse
1054 3268 1140 3327 ratus
1153 3261 1282 3343 ancipiti
1303 3266 1350 3325 tn-

450 3367 548 3430 multu
581 3373 613 3430 et
648 3374 739 3432 nocte
772 3370 909 3449 augente
930 3383 1080 3448 pavorem
1115 3360 1349 3427 memorabilem

448 3485 513 3530 rem
535 3467 615 3549 geri.

253 3564 467 3630 Antecedente
487 3565 685 3632 substantivo
720 3585 821 3630 rerum
850 3567 983 3649 scriptor
1014 3565 1145 3630 alterum
1176 3566 1351 3625 structurae

171 3667 343 3729 membrum
366 3666 527 3731 enuntiato
550 3666 737 3732 secundario
764 3666 1009 3730 coniunctionaii
1031 3663 1081 3729 vel
1103 3661 1349 3743 interrogatione

170 3767 328 3849 pendente
350 3767 493 3830 denotat:

170 3870 237 3936 Liv.
262 3876 295 3951 1,
318 3877 357 3953 1,
380 3876 396 3934 1
443 3918 450 3934 .
475 3924 481 3938 .
505 3917 512 3936 .
535 3878 566 3937 et
587 3873 701 3938 vetusti
722 3872 789 3935 iure
811 3869 939 3953 hospitii
960 3876 992 3934 et
1013 3867 1087 3950 quia
1104 3866 1194 3950 pacis
1216 3864 1349 3928 redden-

448 3973 570 4053 daeque
592 3973 732 4038 Helenae
753 3989 878 4061 semper
899 3974 1043 4036 auctores
1066 3967 1200 4032 fuerunt.

244 4077 276 4152 1,
304 4073 358 4149 14,
384 4073 403 4137 3
446 4091 503 4137 sen
534 4074 575 4139 ob
607 4072 736 4138 infidam
757 4071 941 4136 societatem
963 4069 1068 4152 regni,
1091 4084 1148 4131 seu
1169 4065 1243 4149 quie
1257 4065 1350 4129 'haud

444 4172 559 4237 iniuria
580 4191 707 4238 caesum
729 4171 890 4237 credebat.

245 4282 280 4365 2,
303 4283 356 4361 11,
378 4281 396 4344 2
441 4273 574 4340 navibus
596 4273 733 4358 undique
753 4272 865 4339 accitis
886 4277 918 4336 et
938 4271 980 4334 ad
1002 4267 1188 4350 custodiam,
1211 4285 1252 4331 ne
1274 4265 1349 4349 quid
