3052 5130
630 564 870 651 ¹...nv--

450 747 582 812 Romam
604 747 752 813 frumenti
772 747 906 812 subvehi
927 749 1053 828 sineret,
1076 750 1108 810 et
1129 750 1162 810 ut
1172 744 1358 831 praedatum

449 846 565 912 milites
587 854 673 912 trans
695 847 810 912 flumen
833 895 841 911 .
865 896 873 912 .
900 846 1108 913 ,traicerent

171 954 364 1036 11112445,
392 954 431 1014 14
453 999 461 1015 .
484 1001 491 1014 .
515 998 523 1014 .
545 948 730 1031 quaestione
761 948 869 1012 habita
900 947 1035 1031 primum
1068 946 1109 1011 de
1140 944 1217 1030 fuga
1247 944 1354 1027 Altini,

451 1049 525 1114 dein
546 1053 695 1131 quantum
720 1100 725 1112 .
750 1096 758 1112 .
781 1096 788 1110 .
812 1049 954 1112 relictum
976 1052 1069 1112 esset.

238 1160 288 1233 40,
308 1159 358 1236 27,
381 1155 399 1218 8
444 1150 562 1215 Omnes
590 1155 699 1232 portas
721 1148 993 1213 contionabundus
1014 1149 1084 1232 ipse
1106 1146 1276 1230 imperator
1299 1147 1357 1210 cir·

448 1249 557 1316 cumiit
578 1255 679 1313 et...
701 1249 765 1313 iras
787 1249 918 1312 militum
942 1250 1086 1330 acuebat,
1110 1266 1191 1311 nnnc
1213 1246 1356 1309 fraudem

447 1351 584 1416 bostium
606 1348 773 1413 incusans.
802 1396 810 1412 .
835 1397 842 1410 .
865 1368 958 1430 nunc,
981 1355 1116 1430 quantus
1138 1347 1238 1431 pudor
1261 1352 1356 1426 esset,

450 1452 586 1516 edocens
623 1449 665 1513 ab
696 1447 885 1530 Liguribus,
918 1449 1092 1514 latronibus
1125 1448 1231 1513 verius
1262 1465 1356 1530 quam

450 1550 593 1617 hostibus
615 1547 715 1631 iustis,
738 1549 914 1614 Romanum
936 1551 1108 1615 exereitum
1131 1548 1281 1615 obsideri.

241 1684 292 1758 40,
314 1683 406 1761 31,7
555 1673 693 1737 clamore
729 1693 791 1736 non
827 1679 946 1739 tanturn
981 1675 1022 1739 ad
1055 1674 1200 1739 ardorem
1231 1689 1358 1754 pugnae

448 1775 650 1840 excitandum
663 1774 799 1856 sublato,
820 1766 1001 1857 sedetiam,
1024 1782 1066 1857 ut,
1089 1773 1142 1857 qui
1156 1775 1188 1844 in
1200 1771 1356 1837 montibus

449 1881 549 1954 orant,
570 1873 768 1938 exaudirent.
858 1902 861 1906 ·

239 1983 289 2060 42,
315 1980 407 2058 41,9
450 1973 588 2038 ethaeo
622 1972 749 2055 quidem
772 1975 850 2039 mihi
884 1984 1045 2059 tamquam
1078 1993 1208 2041 causam
1240 1970 1357 2035 dicenti

447 2093 501 2139 reo
536 2075 660 2140 obiecta
692 2081 783 2152 sunt,
823 2076 878 2140 illa
909 2081 1070 2161 tamquam
1104 2075 1179 2158 regi
1211 2079 1241 2137 et
1275 2090 1357 2153 quae
1484 2068 1491 2083 ⁸

448 2173 489 2238 de
509 2174 647 2255 foedere,
682 2176 767 2257 quod
789 2177 865 2241 mibi
887 2184 936 2241 est
956 2177 1128 2256 vobiscum,
1151 2173 1353 2256 disceptatio-

448 2295 520 2339 nem
543 2275 689 2340 babeant.
922 2264 925 2271 ’

172 2397 258 2462 Ourt.
281 2399 311 2478 4,
335 2400 383 2470 12,
405 2401 425 2464 8
453 2397 584 2462 Postero
608 2399 659 2462 die
681 2397 831 2462 Mazaeus
854 2446 861 2462 .
885 2447 891 2461 .
917 2443 924 2459 .
958 2398 1026 2461 sive
1048 2403 1149 2477 metu,
1187 2397 1254 2461 sive
1282 2394 1357 2478 quia

449 2497 608 2581 speculari
631 2497 725 2562 modo
749 2499 853 2562 iussus
876 2504 990 2562 erat..
1016 2543 1025 2560 .
1075 2570 1078 2575 ,

253 2617 403 2685 Similiter
414 2622 509 2705 positi
521 2621 667 2686 videntur
688 2639 769 2698 esse,
791 2625 825 2683 ut
839 2618 965 2702 longius
978 2637 1206 2702 prosequamur
1223 2618 1354 2700 scripto-

169 2739 236 2784 rum
265 2721 297 2785 in
328 2739 385 2786 usu
421 2721 604 2786 exornando
634 2720 921 2803 amplificandcque
955 2740 1160 2804 progressus,
1189 2720 1353 2802 genetivus

169 2821 220 2885 vel
243 2822 399 2886 ablativus
423 2822 600 2903 qualitatis,
640 2823 693 2904 qui
726 2822 927 2905 praecedenti
960 2822 1118 2886 adieetivo
1138 2819 1353 2904 praedicative

170 2923 273 3007 posito
292 2923 520 3007 respondeant:

171 3045 237 3110 Liv.
260 3048 310 3127 25,
332 3048 422 3128 36,5
457 3045 514 3110 sed
548 3051 617 3109 erat
651 3043 733 3110 adeo
772 3046 875 3110 nudus
906 3046 1042 3110 tumulus
1077 3051 1109 3110 et
1145 3042 1251 3127 asperi
1284 3041 1354 3122 soli,

468 3150 594 3210 ut...

254 3244 303 3321 32,
327 3247 376 3323 lb,
399 3246 433 3309 6:
463 3250 494 3308 et
515 3250 564 3309 cst
585 3245 644 3309 iter
672 3263 692 3309 a
714 3245 869 3332 Gomphis
896 3245 1096 3312 Ambraciam
1118 3245 1199 3310 sieut
1219 3241 1352 3327 impedi-

469 3347 534 3406 tum
556 3362 594 3408 ac
617 3343 754 3427 difficile,
778 3347 824 3410 ita
845 3349 947 3431 spatio
969 3347 1126 3433 perbrevi.

254 3463 324 3530 Huc
345 3465 547 3530 inserendum
567 3466 691 3531 videtur
711 3468 797 3549 mibi,
821 3470 905 3550 quod
927 3470 1060 3552 legimus
1073 3468 1249 3553 participia,
1271 3484 1353 3550 quae

171 3565 202 3629 in
224 3567 372 3631 adieetivi
402 3565 610 3650 praedicativi
638 3567 901 3650 significationem
923 3571 1040 3652 abiere,
1070 3576 1204 3653 excepta
1225 3567 1353 3631 casibus

171 3665 360 3730 substantivi
381 3666 534 3749 obliquis,
564 3666 616 3750 qui
642 3651 875 3750 quodammodo
901 3671 1059 3736 haesitant
1078 3672 1159 3734 inter
1181 3666 1353 3732 ablativum

170 3764 348 3831 absolutum
370 3773 401 3831 et
423 3767 594 3831 ablativum
617 3770 776 3851 qualitatis
789 3773 827 3853 ¹).

171 3885 237 3952 Liv.
251 3892 301 3970 26,
324 3893 429 3970 12,19
451 3890 474 3954 ii
507 3908 604 3972 supra
636 3894 840 3975 septuaginta
860 3891 1039 3977 comprensi
1061 3897 1184 3957 etcum
1218 3889 1321 3955 transi
1342 3925 1352 3940 ·

447 3989 498 4075 gis
518 3991 610 4059 novis
632 3991 758 4057 mulcati
781 3992 879 4078 virgis
900 3993 1107 4075 manibusque
1128 3993 1280 4076 praecisis
1293 3992 1353 4058 Oa·

447 4109 543 4174 puam
563 4090 758 4174 rediguntur.

172 4185 256 4252 Ourt.
278 4189 371 4268 4,10,
395 4191 434 4255 25
458 4240 465 4256 .
489 4237 497 4254 .
519 4190 552 4254 in
573 4191 811 4257 tabernaculum
833 4195 918 4278 regis
940 4195 1135 4278 perducitur,
1168 4212 1300 4278 gemens
1322 4199 1354 4258 et

449 4297 537 4354 veste
557 4291 708 4357 lacerata.

254 4386 422 4454 Adiectivo
443 4409 666 4475 nonnunquam
688 4394 858 4478 respondet
879 4394 1073 4460 enuntiatum
1095 4394 1331 4462 secundarium:

171 4550 379 4563 ...-.-..........

236 4660 263 4730 1)
285 4657 393 4716 Confer
410 4663 499 4719 etiam
515 4663 568 4723 Th.
588 4669 691 4740 Vogel,
712 4671 818 4739 proles.
840 4674 970 4732 Curtian.
993 4675 1052 4744 §97
1070 4679 1101 4730 et
1123 4674 1185 4730 127.

1140 4765 1169 4823 b
