<?xml version="1.0" encoding="UTF-8"?>
<!DOCTYPE html PUBLIC "-//W3C//DTD XHTML 1.0 Transitional//EN"
    "http://www.w3.org/TR/xhtml1/DTD/xhtml1-transitional.dtd">
<html xmlns="http://www.w3.org/1999/xhtml" xml:lang="en" lang="en">
 <head>
  <title>
</title>
<meta http-equiv="Content-Type" content="text/html;charset=utf-8" />
  <meta name='ocr-system' content='tesseract 3.04.00' />
  <meta name='ocr-capabilities' content='ocr_page ocr_carea ocr_par ocr_line ocrx_word'/>
</head>
<body>
  <div class='ocr_page' id='page_1' title='image "./departicipiorum00kbgoog_0053.png"; bbox 0 0 3052 5130; ppageno 0'>
   <div class='ocr_carea' id='block_1_1' title="bbox 654 226 864 289">
    <p class='ocr_par' dir='ltr' id='par_1_1' title="bbox 654 226 864 289">
     <span class='ocr_line' id='line_1_1' title="bbox 654 226 864 289; baseline 0 -17"><span class='ocrx_word' id='word_1_1' title='bbox 654 226 864 289; x_wconf 78' lang='grc'>..46-</span> 
     </span>
    </p>
   </div>
   <div class='ocr_carea' id='block_1_2' title="bbox 264 402 1345 885">
    <p class='ocr_par' dir='ltr' id='par_1_2' title="bbox 425 402 1345 567">
     <span class='ocr_line' id='line_1_2' title="bbox 425 402 1345 487; baseline 0.004 -21"><span class='ocrx_word' id='word_1_2' title='bbox 425 403 492 466; x_wconf 91' lang='lat' dir='ltr'><strong>nire</strong></span> <span class='ocrx_word' id='word_1_3' title='bbox 513 421 568 468; x_wconf 91' lang='lat' dir='ltr'><strong>eos</strong></span> <span class='ocrx_word' id='word_1_4' title='bbox 589 402 694 484; x_wconf 89' lang='lat' dir='ltr'><strong>iussit,</strong></span> <span class='ocrx_word' id='word_1_5' title='bbox 717 403 887 485; x_wconf 84' lang='lat' dir='ltr'><strong>fortunam,</strong></span> <span class='ocrx_word' id='word_1_6' title='bbox 909 422 1003 486; x_wconf 88' lang='lat' dir='ltr'><strong>quam</strong></span> <span class='ocrx_word' id='word_1_7' title='bbox 1024 405 1094 487; x_wconf 89' lang='lat' dir='ltr'><strong>ipse</strong></span> <span class='ocrx_word' id='word_1_8' title='bbox 1116 404 1268 487; x_wconf 81' lang='lat' dir='ltr'>dedisset,</span> <span class='ocrx_word' id='word_1_9' title='bbox 1289 405 1345 470; x_wconf 87' lang='lat' dir='ltr'><strong>ba-</strong></span> 
     </span>
     <span class='ocr_line' id='line_1_3' title="bbox 425 503 555 567; baseline 0.008 -1"><span class='ocrx_word' id='word_1_10' title='bbox 425 503 555 567; x_wconf 89' lang='lat' dir='ltr'><strong>bituros.</strong></span> 
     </span>
    </p>

    <p class='ocr_par' dir='ltr' id='par_1_3' title="bbox 264 603 402 681">
     <span class='ocr_line' id='line_1_4' title="bbox 264 603 402 681; baseline 0.007 -15"><span class='ocrx_word' id='word_1_11' title='bbox 264 603 293 680; x_wconf 82' lang='grc'><strong>4,</strong></span> <span class='ocrx_word' id='word_1_12' title='bbox 315 606 344 681; x_wconf 85' lang='grc'><strong>9,</strong></span> <span class='ocrx_word' id='word_1_13' title='bbox 367 608 402 679; x_wconf 79' lang='lat'><strong>53</strong></span> 
     </span>
    </p>

    <p class='ocr_par' dir='ltr' id='par_1_4' title="bbox 265 704 846 784">
     <span class='ocr_line' id='line_1_5' title="bbox 265 704 846 784; baseline 0.002 -17"><span class='ocrx_word' id='word_1_14' title='bbox 265 706 424 784; x_wconf 78' lang='lat'><strong>7,1,35;</strong></span> <span class='ocrx_word' id='word_1_15' title='bbox 466 705 643 784; x_wconf 81' lang='lat'><strong>7,10‚10;</strong></span> <span class='ocrx_word' id='word_1_16' title='bbox 685 704 715 783; x_wconf 85' lang='lat'><strong>8,</strong></span> <span class='ocrx_word' id='word_1_17' title='bbox 737 706 767 784; x_wconf 83' lang='lat'><strong>4,</strong></span> <span class='ocrx_word' id='word_1_18' title='bbox 789 705 846 782; x_wconf 77' lang='lat'><strong>293</strong></span> 
     </span>
    </p>

    <p class='ocr_par' dir='ltr' id='par_1_5' title="bbox 266 803 841 885">
     <span class='ocr_line' id='line_1_6' title="bbox 266 803 841 885; baseline 0.003 -18"><span class='ocrx_word' id='word_1_19' title='bbox 266 805 422 885; x_wconf 80' lang='grc'><strong>7,4,16;</strong></span> <span class='ocrx_word' id='word_1_20' title='bbox 464 804 494 882; x_wconf 87' lang='lat'><strong>8,</strong></span> <span class='ocrx_word' id='word_1_21' title='bbox 536 803 568 883; x_wconf 83' lang='grc'><strong>2,</strong></span> <span class='ocrx_word' id='word_1_22' title='bbox 590 804 647 881; x_wconf 86' lang='lat'><strong>33,-</strong></span> <span class='ocrx_word' id='word_1_23' title='bbox 690 805 719 879; x_wconf 84' lang='lat'><strong>9,</strong></span> <span class='ocrx_word' id='word_1_24' title='bbox 741 808 771 882; x_wconf 79' lang='lat'><strong>5,</strong></span> <span class='ocrx_word' id='word_1_25' title='bbox 792 805 841 876; x_wconf 81' lang='lat'><strong>26.</strong></span> 
     </span>
    </p>
   </div>
   <div class='ocr_carea' id='block_1_3' title="bbox 169 934 1347 1115">
    <p class='ocr_par' dir='ltr' id='par_1_6' title="bbox 169 934 1347 1115">
     <span class='ocr_line' id='line_1_7' title="bbox 169 934 1347 1025; baseline 0.001 -23"><span class='ocrx_word' id='word_1_26' title='bbox 169 937 288 1019; x_wconf 75' lang='lat' dir='ltr'><strong>Fieri,</strong></span> <span class='ocrx_word' id='word_1_27' title='bbox 312 941 351 1002; x_wconf 84' lang='lat'><strong>22</strong></span> <span class='ocrx_word' id='word_1_28' title='bbox 373 954 447 1019; x_wconf 84' lang='lat' dir='ltr'><strong>pag.</strong></span> <span class='ocrx_word' id='word_1_29' title='bbox 470 937 509 1000; x_wconf 84' lang='lat'><strong>36</strong></span> <span class='ocrx_word' id='word_1_30' title='bbox 532 934 561 1000; x_wconf 87' lang='lat' dir='ltr'><strong>J.</strong></span> <span class='ocrx_word' id='word_1_31' title='bbox 583 934 635 999; x_wconf 92' lang='lat' dir='ltr'><strong>hic</strong></span> <span class='ocrx_word' id='word_1_32' title='bbox 666 936 725 1000; x_wconf 84' lang='lat' dir='ltr'><strong>erit</strong></span> <span class='ocrx_word' id='word_1_33' title='bbox 761 936 878 1020; x_wconf 80' lang='lat' dir='ltr'><strong>Scipio,</strong></span> <span class='ocrx_word' id='word_1_34' title='bbox 913 939 967 1021; x_wconf 92' lang='lat' dir='ltr'><strong>qui</strong></span> <span class='ocrx_word' id='word_1_35' title='bbox 1001 938 1034 1002; x_wconf 92' lang='lat' dir='ltr'><strong>in</strong></span> <span class='ocrx_word' id='word_1_36' title='bbox 1056 938 1186 1025; x_wconf 83' lang='lat' dir='ltr'><strong>exitum</strong></span> <span class='ocrx_word' id='word_1_37' title='bbox 1219 937 1347 1003; x_wconf 87' lang='lat' dir='ltr'><strong>Africae</strong></span> 
     </span>
     <span class='ocr_line' id='line_1_8' title="bbox 377 1035 1274 1115; baseline 0.003 -15"><span class='ocrx_word' id='word_1_38' title='bbox 377 1036 499 1115; x_wconf 87' lang='lat' dir='ltr'><strong>crescit,</strong></span> <span class='ocrx_word' id='word_1_39' title='bbox 520 1054 635 1100; x_wconf 91' lang='lat' dir='ltr'><strong>nomen</strong></span> <span class='ocrx_word' id='word_1_40' title='bbox 656 1054 697 1100; x_wconf 85' lang='lat' dir='ltr'><strong>ex</strong></span> <span class='ocrx_word' id='word_1_41' title='bbox 718 1035 810 1101; x_wconf 90' lang='lat' dir='ltr'><strong>malis</strong></span> <span class='ocrx_word' id='word_1_42' title='bbox 833 1036 900 1101; x_wconf 91' lang='lat' dir='ltr'><strong>eius</strong></span> <span class='ocrx_word' id='word_1_43' title='bbox 923 1038 1095 1103; x_wconf 91' lang='lat' dir='ltr'><strong>habiturus.</strong></span> <span class='ocrx_word' id='word_1_44' title='bbox 1270 1055 1274 1067; x_wconf 73' lang='lat'><em>¹</em></span> 
     </span>
    </p>
   </div>
   <div class='ocr_carea' id='block_1_4' title="bbox 191 1157 1349 1542">
    <p class='ocr_par' dir='ltr' id='par_1_7' title="bbox 191 1157 1349 1542">
     <span class='ocr_line' id='line_1_9' title="bbox 191 1157 1349 1243; baseline 0.001 -20"><span class='ocrx_word' id='word_1_45' title='bbox 191 1159 355 1241; x_wconf 84' lang='grc' dir='ltr'><strong>Π,18,11Ο</strong></span> <span class='ocrx_word' id='word_1_46' title='bbox 376 1157 507 1241; x_wconf 87' lang='lat' dir='ltr'><strong>perditis</strong></span> <span class='ocrx_word' id='word_1_47' title='bbox 533 1159 615 1222; x_wconf 92' lang='lat' dir='ltr'><strong>enim</strong></span> <span class='ocrx_word' id='word_1_48' title='bbox 643 1157 737 1223; x_wconf 90' lang='lat' dir='ltr'><strong>rebus</strong></span> <span class='ocrx_word' id='word_1_49' title='bbox 766 1162 822 1240; x_wconf 91' lang='lat' dir='ltr'><strong>(sc.</strong></span> <span class='ocrx_word' id='word_1_50' title='bbox 852 1158 968 1224; x_wconf 81' lang='lat' dir='ltr'>Sextus</span> <span class='ocrx_word' id='word_1_51' title='bbox 990 1161 1171 1243; x_wconf 89' lang='lat' dir='ltr'><strong>Pompeius)</strong></span> <span class='ocrx_word' id='word_1_52' title='bbox 1207 1159 1349 1243; x_wconf 81' lang='lat' dir='ltr'><strong>profugit</strong></span> 
     </span>
     <span class='ocr_line' id='line_1_10' title="bbox 379 1257 1348 1341; baseline 0.002 -19"><span class='ocrx_word' id='word_1_53' title='bbox 379 1259 551 1340; x_wconf 80' lang='lat' dir='ltr'><strong>Asiamque</strong></span> <span class='ocrx_word' id='word_1_54' title='bbox 572 1257 651 1322; x_wconf 89' lang='lat' dir='ltr'><strong>velis</strong></span> <span class='ocrx_word' id='word_1_55' title='bbox 674 1261 766 1341; x_wconf 90' lang='lat' dir='ltr'><strong>petit,</strong></span> <span class='ocrx_word' id='word_1_56' title='bbox 788 1264 936 1324; x_wconf 87' lang='lat' dir='ltr'><strong>venturus</strong></span> <span class='ocrx_word' id='word_1_57' title='bbox 958 1259 1002 1323; x_wconf 93' lang='lat' dir='ltr'><strong>ibi</strong></span> <span class='ocrx_word' id='word_1_58' title='bbox 1024 1261 1056 1323; x_wconf 91' lang='lat' dir='ltr'><strong>in</strong></span> <span class='ocrx_word' id='word_1_59' title='bbox 1078 1278 1189 1325; x_wconf 92' lang='lat' dir='ltr'><strong>manus</strong></span> <span class='ocrx_word' id='word_1_60' title='bbox 1211 1258 1348 1325; x_wconf 91' lang='lat' dir='ltr'><strong>bostium</strong></span> 
     </span>
     <span class='ocr_line' id='line_1_11' title="bbox 378 1357 1347 1440; baseline 0.002 -18"><span class='ocrx_word' id='word_1_61' title='bbox 378 1363 423 1438; x_wconf 92' lang='lat' dir='ltr'><strong>et,</strong></span> <span class='ocrx_word' id='word_1_62' title='bbox 455 1357 538 1439; x_wconf 91' lang='lat' dir='ltr'><strong>quod</strong></span> <span class='ocrx_word' id='word_1_63' title='bbox 567 1357 774 1423; x_wconf 92' lang='lat' dir='ltr'><strong>miserrimum</strong></span> <span class='ocrx_word' id='word_1_64' title='bbox 808 1365 856 1424; x_wconf 91' lang='lat' dir='ltr'><strong>est</strong></span> <span class='ocrx_word' id='word_1_65' title='bbox 887 1358 1020 1424; x_wconf 84' lang='lat' dir='ltr'><strong>fortibus</strong></span> <span class='ocrx_word' id='word_1_66' title='bbox 1041 1360 1126 1440; x_wconf 88' lang='lat' dir='ltr'><strong>viris,</strong></span> <span class='ocrx_word' id='word_1_67' title='bbox 1149 1359 1191 1425; x_wconf 91' lang='lat' dir='ltr'><strong>ad</strong></span> <span class='ocrx_word' id='word_1_68' title='bbox 1212 1361 1347 1425; x_wconf 90' lang='lat' dir='ltr'><strong>bostium</strong></span> 
     </span>
     <span class='ocr_line' id='line_1_12' title="bbox 378 1458 1024 1542; baseline 0.003 -20"><span class='ocrx_word' id='word_1_69' title='bbox 378 1458 539 1523; x_wconf 79' lang='lat' dir='ltr'><strong>arbitrium</strong></span> <span class='ocrx_word' id='word_1_70' title='bbox 562 1459 620 1522; x_wconf 90' lang='lat' dir='ltr'><strong>sub</strong></span> <span class='ocrx_word' id='word_1_71' title='bbox 642 1477 826 1542; x_wconf 78' lang='lat' dir='ltr'>percussore</span> <span class='ocrx_word' id='word_1_72' title='bbox 848 1461 1024 1525; x_wconf 90' lang='lat' dir='ltr'><strong>moriturus.</strong></span> 
     </span>
    </p>
   </div>
   <div class='ocr_carea' id='block_1_5' title="bbox 146 1564 1348 1884">
    <p class='ocr_par' dir='ltr' id='par_1_8' title="bbox 146 1564 1348 1884">
     <span class='ocr_line' id='line_1_13' title="bbox 146 1564 1348 1684; baseline -0.002 -16"><span class='ocrx_word' id='word_1_73' title='bbox 146 1624 150 1630; x_wconf 87' lang='lat'><strong>·</strong></span> <span class='ocrx_word' id='word_1_74' title='bbox 201 1602 241 1668; x_wconf 82' lang='lat' dir='ltr'><strong>B.</strong></span> <span class='ocrx_word' id='word_1_75' title='bbox 264 1601 294 1667; x_wconf 90' lang='lat' dir='ltr'><strong>I.</strong></span> <span class='ocrx_word' id='word_1_76' title='bbox 318 1601 350 1668; x_wconf 89' lang='lat' dir='ltr'><strong>b.</strong></span> <span class='ocrx_word' id='word_1_77' title='bbox 374 1598 578 1682; x_wconf 86' lang='lat' dir='ltr'><strong>Participium</strong></span> <span class='ocrx_word' id='word_1_78' title='bbox 601 1599 656 1664; x_wconf 89' lang='lat' dir='ltr'><strong>fut.</strong></span> <span class='ocrx_word' id='word_1_79' title='bbox 679 1605 739 1663; x_wconf 90' lang='lat' dir='ltr'><strong>act.</strong></span> <span class='ocrx_word' id='word_1_80' title='bbox 762 1619 833 1664; x_wconf 91' lang='lat' dir='ltr'><strong>eum</strong></span> <span class='ocrx_word' id='word_1_81' title='bbox 855 1564 1086 1684; x_wconf 53' lang='lat' dir='ltr'><strong>designat,⁰qui</strong></span> <span class='ocrx_word' id='word_1_82' title='bbox 1099 1606 1193 1683; x_wconf 91' lang='lat' dir='ltr'><strong>aptus</strong></span> <span class='ocrx_word' id='word_1_83' title='bbox 1214 1619 1286 1666; x_wconf 87' lang='lat' dir='ltr'><strong>esse</strong></span> <span class='ocrx_word' id='word_1_84' title='bbox 1306 1601 1348 1665; x_wconf 91' lang='lat' dir='ltr'><strong>ad</strong></span> 
     </span>
     <span class='ocr_line' id='line_1_14' title="bbox 378 1698 1348 1785; baseline 0.001 -21"><span class='ocrx_word' id='word_1_85' title='bbox 378 1698 496 1785; x_wconf 91' lang='lat' dir='ltr'><strong>aliquid</strong></span> <span class='ocrx_word' id='word_1_86' title='bbox 517 1698 568 1763; x_wconf 91' lang='lat' dir='ltr'><strong>vel</strong></span> <span class='ocrx_word' id='word_1_87' title='bbox 589 1718 629 1764; x_wconf 92' lang='lat' dir='ltr'><strong>ea</strong></span> <span class='ocrx_word' id='word_1_88' title='bbox 649 1706 753 1764; x_wconf 89' lang='lat' dir='ltr'><strong>mente</strong></span> <span class='ocrx_word' id='word_1_89' title='bbox 775 1700 911 1765; x_wconf 90' lang='lat' dir='ltr'><strong>imbutus</strong></span> <span class='ocrx_word' id='word_1_90' title='bbox 935 1719 1035 1785; x_wconf 88' lang='lat' dir='ltr'><strong>eaque</strong></span> <span class='ocrx_word' id='word_1_91' title='bbox 1055 1700 1215 1782; x_wconf 78' lang='lat' dir='ltr'><strong>facultate,</strong></span> <span class='ocrx_word' id='word_1_92' title='bbox 1237 1706 1270 1765; x_wconf 89' lang='lat' dir='ltr'><strong>ut</strong></span> <span class='ocrx_word' id='word_1_93' title='bbox 1290 1700 1348 1766; x_wconf 88' lang='lat' dir='ltr'><strong>ali·</strong></span> 
     </span>
     <span class='ocr_line' id='line_1_15' title="bbox 379 1799 921 1884; baseline -0.002 -18"><span class='ocrx_word' id='word_1_94' title='bbox 379 1801 454 1884; x_wconf 93' lang='lat' dir='ltr'><strong>quid</strong></span> <span class='ocrx_word' id='word_1_95' title='bbox 476 1799 580 1878; x_wconf 88' lang='lat' dir='ltr'><strong>faciat,</strong></span> <span class='ocrx_word' id='word_1_96' title='bbox 604 1799 765 1883; x_wconf 87' lang='lat' dir='ltr'><strong>praeditus</strong></span> <span class='ocrx_word' id='word_1_97' title='bbox 787 1806 921 1884; x_wconf 89' lang='lat' dir='ltr'><strong>putatur.</strong></span> 
     </span>
    </p>
   </div>
   <div class='ocr_carea' id='block_1_6' title="bbox 169 1933 1347 2320">
    <p class='ocr_par' dir='ltr' id='par_1_9' title="bbox 169 1933 1347 2320">
     <span class='ocr_line' id='line_1_16' title="bbox 169 1933 1345 2027; baseline -0.002 -27"><span class='ocrx_word' id='word_1_98' title='bbox 169 1937 238 2027; x_wconf 85' lang='lat' dir='ltr'><strong>Liv.</strong></span> <span class='ocrx_word' id='word_1_99' title='bbox 260 1941 310 2017; x_wconf 86' lang='lat'><strong>21,</strong></span> <span class='ocrx_word' id='word_1_100' title='bbox 332 1939 384 2018; x_wconf 87' lang='grc'><strong>44,</strong></span> <span class='ocrx_word' id='word_1_101' title='bbox 406 1936 607 2002; x_wconf 79' lang='lat' dir='ltr'><strong>3&#39;inferimus</strong></span> <span class='ocrx_word' id='word_1_102' title='bbox 656 1934 770 1999; x_wconf 90' lang='lat' dir='ltr'><strong>bellum</strong></span> <span class='ocrx_word' id='word_1_103' title='bbox 818 1936 1004 2018; x_wconf 82' lang='lat' dir='ltr'><strong>infestisque</strong></span> <span class='ocrx_word' id='word_1_104' title='bbox 1046 1936 1146 2018; x_wconf 83' lang='lat' dir='ltr'><strong>signis</strong></span> <span class='ocrx_word' id='word_1_105' title='bbox 1181 1933 1345 2000; x_wconf 89' lang='lat' dir='ltr'><strong>descendi-</strong></span> 
     </span>
     <span class='ocr_line' id='line_1_17' title="bbox 446 2035 1346 2119; baseline -0.002 -18"><span class='ocrx_word' id='word_1_106' title='bbox 446 2055 514 2101; x_wconf 90' lang='lat' dir='ltr'><strong>mus</strong></span> <span class='ocrx_word' id='word_1_107' title='bbox 535 2037 567 2099; x_wconf 91' lang='lat' dir='ltr'><strong>in</strong></span> <span class='ocrx_word' id='word_1_108' title='bbox 587 2035 712 2100; x_wconf 86' lang='lat' dir='ltr'><strong>ltaliam</strong></span> <span class='ocrx_word' id='word_1_109' title='bbox 733 2041 819 2100; x_wconf 90' lang='lat' dir='ltr'><strong>tanto</strong></span> <span class='ocrx_word' id='word_1_110' title='bbox 851 2037 1002 2101; x_wconf 89' lang='lat' dir='ltr'><strong>audacius</strong></span> <span class='ocrx_word' id='word_1_111' title='bbox 1031 2036 1204 2119; x_wconf 88' lang='lat' dir='ltr'><strong>fortiusque</strong></span> <span class='ocrx_word' id='word_1_112' title='bbox 1225 2054 1346 2119; x_wconf 81' lang='lat' dir='ltr'><strong>pugna-</strong></span> 
     </span>
     <span class='ocr_line' id='line_1_18' title="bbox 445 2135 1347 2221; baseline -0.001 -21"><span class='ocrx_word' id='word_1_113' title='bbox 445 2136 506 2200; x_wconf 90' lang='lat' dir='ltr'><strong>turi</strong></span> <span class='ocrx_word' id='word_1_114' title='bbox 528 2154 623 2217; x_wconf 91' lang='lat' dir='ltr'><strong>quam</strong></span> <span class='ocrx_word' id='word_1_115' title='bbox 644 2135 743 2199; x_wconf 85' lang='lat' dir='ltr'><strong>hostis</strong></span> <span class='ocrx_word' id='word_1_116' title='bbox 755 2183 763 2216; x_wconf 90' lang='lat'><strong>,</strong></span> <span class='ocrx_word' id='word_1_117' title='bbox 797 2143 913 2217; x_wconf 86' lang='lat' dir='ltr'><strong>quanto</strong></span> <span class='ocrx_word' id='word_1_118' title='bbox 935 2139 1035 2202; x_wconf 88' lang='lat' dir='ltr'><strong>maior</strong></span> <span class='ocrx_word' id='word_1_119' title='bbox 1055 2156 1145 2221; x_wconf 92' lang='lat' dir='ltr'><strong>spes,</strong></span> <span class='ocrx_word' id='word_1_120' title='bbox 1178 2136 1279 2201; x_wconf 89' lang='lat' dir='ltr'><strong>maior</strong></span> <span class='ocrx_word' id='word_1_121' title='bbox 1298 2141 1347 2201; x_wconf 90' lang='lat' dir='ltr'><strong>est</strong></span> 
     </span>
     <span class='ocr_line' id='line_1_19' title="bbox 445 2234 1116 2320; baseline 0 -19"><span class='ocrx_word' id='word_1_122' title='bbox 445 2235 567 2301; x_wconf 89' lang='lat' dir='ltr'><strong>animus</strong></span> <span class='ocrx_word' id='word_1_123' title='bbox 589 2234 750 2301; x_wconf 85' lang='lat' dir='ltr'><strong>inferentis</strong></span> <span class='ocrx_word' id='word_1_124' title='bbox 772 2235 834 2299; x_wconf 91' lang='lat' dir='ltr'><strong>vim</strong></span> <span class='ocrx_word' id='word_1_125' title='bbox 855 2256 950 2320; x_wconf 89' lang='lat' dir='ltr'><strong>quam</strong></span> <span class='ocrx_word' id='word_1_126' title='bbox 971 2239 1116 2303; x_wconf 88' lang='lat' dir='ltr'><strong>arcentis.</strong></span> 
     </span>
    </p>
   </div>
   <div class='ocr_carea' id='block_1_7' title="bbox 250 2357 1346 2744">
    <p class='ocr_par' dir='ltr' id='par_1_10' title="bbox 250 2357 1346 2744">
     <span class='ocr_line' id='line_1_20' title="bbox 250 2357 1345 2443; baseline -0.005 -16"><span class='ocrx_word' id='word_1_127' title='bbox 250 2365 300 2443; x_wconf 83' lang='lat'><strong>22,</strong></span> <span class='ocrx_word' id='word_1_128' title='bbox 312 2365 362 2441; x_wconf 83' lang='grc'><strong>43,</strong></span> <span class='ocrx_word' id='word_1_129' title='bbox 380 2363 414 2424; x_wconf 89' lang='grc'><strong>11</strong></span> <span class='ocrx_word' id='word_1_130' title='bbox 438 2358 472 2423; x_wconf 93' lang='lat' dir='ltr'><strong>id</strong></span> <span class='ocrx_word' id='word_1_131' title='bbox 494 2377 564 2423; x_wconf 90' lang='lat' dir='ltr'><strong>cum</strong></span> <span class='ocrx_word' id='word_1_132' title='bbox 587 2357 665 2442; x_wconf 90' lang='lat' dir='ltr'><strong>ipsis</strong></span> <span class='ocrx_word' id='word_1_133' title='bbox 688 2359 799 2425; x_wconf 89' lang='lat' dir='ltr'><strong>castris</strong></span> <span class='ocrx_word' id='word_1_134' title='bbox 822 2359 1078 2442; x_wconf 78' lang='lat' dir='ltr'><strong>percommodum</strong></span> <span class='ocrx_word' id='word_1_135' title='bbox 1108 2359 1182 2441; x_wconf 88' lang='lat' dir='ltr'><strong>fuit,</strong></span> <span class='ocrx_word' id='word_1_136' title='bbox 1210 2365 1274 2423; x_wconf 91' lang='lat' dir='ltr'><strong>tum</strong></span> <span class='ocrx_word' id='word_1_137' title='bbox 1295 2377 1345 2423; x_wconf 89' lang='lat' dir='ltr'><strong>sa·</strong></span> 
     </span>
     <span class='ocr_line' id='line_1_21' title="bbox 445 2458 1344 2543; baseline 0 -19"><span class='ocrx_word' id='word_1_138' title='bbox 445 2460 545 2524; x_wconf 88' lang='lat' dir='ltr'><strong>lutare</strong></span> <span class='ocrx_word' id='word_1_139' title='bbox 567 2459 738 2543; x_wconf 90' lang='lat' dir='ltr'><strong>praecipue</strong></span> <span class='ocrx_word' id='word_1_140' title='bbox 758 2458 892 2524; x_wconf 90' lang='lat' dir='ltr'><strong>futorum</strong></span> <span class='ocrx_word' id='word_1_141' title='bbox 915 2465 992 2538; x_wconf 86' lang='lat' dir='ltr'><strong>erat,</strong></span> <span class='ocrx_word' id='word_1_142' title='bbox 1009 2480 1079 2525; x_wconf 93' lang='lat' dir='ltr'><strong>cum</strong></span> <span class='ocrx_word' id='word_1_143' title='bbox 1100 2461 1201 2524; x_wconf 84' lang='lat' dir='ltr'><strong>aciem</strong></span> <span class='ocrx_word' id='word_1_144' title='bbox 1222 2458 1344 2542; x_wconf 86' lang='lat' dir='ltr'><strong>derige·</strong></span> 
     </span>
     <span class='ocr_line' id='line_1_22' title="bbox 442 2559 1346 2642; baseline 0 -20"><span class='ocrx_word' id='word_1_145' title='bbox 442 2567 520 2639; x_wconf 91' lang='lat' dir='ltr'><strong>rent,</strong></span> <span class='ocrx_word' id='word_1_146' title='bbox 545 2560 607 2642; x_wconf 92' lang='lat' dir='ltr'><strong>ipsi</strong></span> <span class='ocrx_word' id='word_1_147' title='bbox 627 2561 746 2640; x_wconf 87' lang='lat' dir='ltr'><strong>aversi,</strong></span> <span class='ocrx_word' id='word_1_148' title='bbox 768 2566 859 2642; x_wconf 83' lang='lat' dir='ltr'><strong>terga</strong></span> <span class='ocrx_word' id='word_1_149' title='bbox 880 2566 1000 2625; x_wconf 90' lang='lat' dir='ltr'><strong>tantum</strong></span> <span class='ocrx_word' id='word_1_150' title='bbox 1021 2559 1160 2625; x_wconf 87' lang='lat' dir='ltr'><strong>adflante</strong></span> <span class='ocrx_word' id='word_1_151' title='bbox 1180 2564 1289 2642; x_wconf 82' lang='lat' dir='ltr'><strong>vento,</strong></span> <span class='ocrx_word' id='word_1_152' title='bbox 1313 2559 1346 2623; x_wconf 92' lang='lat' dir='ltr'><strong>in</strong></span> 
     </span>
     <span class='ocr_line' id='line_1_23' title="bbox 444 2659 1262 2744; baseline -0.001 -20"><span class='ocrx_word' id='word_1_153' title='bbox 444 2665 645 2725; x_wconf 86' lang='lat' dir='ltr'><strong>occaecatum</strong></span> <span class='ocrx_word' id='word_1_154' title='bbox 668 2660 798 2743; x_wconf 86' lang='lat' dir='ltr'><strong>pulvere</strong></span> <span class='ocrx_word' id='word_1_155' title='bbox 819 2659 918 2725; x_wconf 86' lang='lat' dir='ltr'><strong>effuso</strong></span> <span class='ocrx_word' id='word_1_156' title='bbox 940 2660 1062 2724; x_wconf 90' lang='lat' dir='ltr'><strong>hostem</strong></span> <span class='ocrx_word' id='word_1_157' title='bbox 1085 2661 1262 2744; x_wconf 86' lang='lat' dir='ltr'><strong>pugnaturi.</strong></span> 
     </span>
    </p>
   </div>
   <div class='ocr_carea' id='block_1_8' title="bbox 251 2783 1347 3154">
    <p class='ocr_par' dir='ltr' id='par_1_11' title="bbox 251 2783 1347 3154">
     <span class='ocr_line' id='line_1_24' title="bbox 251 2783 1346 2866; baseline -0.002 -16"><span class='ocrx_word' id='word_1_158' title='bbox 251 2787 291 2850; x_wconf 83' lang='lat'><strong>24</strong></span> <span class='ocrx_word' id='word_1_159' title='bbox 303 2832 312 2866; x_wconf 91' lang='lat'><em>‚</em></span> <span class='ocrx_word' id='word_1_160' title='bbox 333 2787 373 2866; x_wconf 77' lang='lat'><strong>4,</strong></span> <span class='ocrx_word' id='word_1_161' title='bbox 397 2790 412 2850; x_wconf 88' lang='lat'>1</span> <span class='ocrx_word' id='word_1_162' title='bbox 437 2785 475 2848; x_wconf 91' lang='lat' dir='ltr'><strong>In</strong></span> <span class='ocrx_word' id='word_1_163' title='bbox 497 2783 606 2848; x_wconf 87' lang='lat' dir='ltr'><strong>Sicilia</strong></span> <span class='ocrx_word' id='word_1_164' title='bbox 626 2783 775 2848; x_wconf 90' lang='lat' dir='ltr'><strong>Romanis</strong></span> <span class='ocrx_word' id='word_1_165' title='bbox 797 2787 902 2849; x_wconf 90' lang='lat' dir='ltr'><strong>omnia</strong></span> <span class='ocrx_word' id='word_1_166' title='bbox 928 2791 1103 2850; x_wconf 86' lang='lat' dir='ltr'><strong>mutaverat</strong></span> <span class='ocrx_word' id='word_1_167' title='bbox 1130 2805 1214 2850; x_wconf 93' lang='lat' dir='ltr'><strong>mors</strong></span> <span class='ocrx_word' id='word_1_168' title='bbox 1235 2783 1346 2848; x_wconf 91' lang='lat' dir='ltr'><strong>Hiero-</strong></span> 
     </span>
     <span class='ocr_line' id='line_1_25' title="bbox 446 2884 1347 2970; baseline 0.002 -22"><span class='ocrx_word' id='word_1_169' title='bbox 446 2884 495 2949; x_wconf 90' lang='lat' dir='ltr'><strong>nis</strong></span> <span class='ocrx_word' id='word_1_170' title='bbox 527 2902 722 2967; x_wconf 84' lang='lat' dir='ltr'><strong>regnumque</strong></span> <span class='ocrx_word' id='word_1_171' title='bbox 757 2887 798 2950; x_wconf 90' lang='lat' dir='ltr'><strong>ad</strong></span> <span class='ocrx_word' id='word_1_172' title='bbox 834 2885 1061 2970; x_wconf 89' lang='lat' dir='ltr'><strong>Hieronymum</strong></span> <span class='ocrx_word' id='word_1_173' title='bbox 1095 2891 1242 2970; x_wconf 90' lang='lat' dir='ltr'><strong>nepotem</strong></span> <span class='ocrx_word' id='word_1_174' title='bbox 1280 2885 1347 2950; x_wconf 90' lang='lat' dir='ltr'><strong>eius</strong></span> 
     </span>
     <span class='ocr_line' id='line_1_26' title="bbox 445 2985 1346 3068; baseline 0 -19"><span class='ocrx_word' id='word_1_175' title='bbox 445 2985 650 3065; x_wconf 88' lang='lat' dir='ltr'><strong>translatum,</strong></span> <span class='ocrx_word' id='word_1_176' title='bbox 683 3004 815 3068; x_wconf 92' lang='lat' dir='ltr'><strong>puerum</strong></span> <span class='ocrx_word' id='word_1_177' title='bbox 850 2986 979 3051; x_wconf 85' lang='lat' dir='ltr'><strong>vixdum</strong></span> <span class='ocrx_word' id='word_1_178' title='bbox 1006 2988 1198 3068; x_wconf 87' lang='lat' dir='ltr'><strong>libertatem,</strong></span> <span class='ocrx_word' id='word_1_179' title='bbox 1231 2985 1346 3050; x_wconf 91' lang='lat' dir='ltr'><strong>nedum</strong></span> 
     </span>
     <span class='ocr_line' id='line_1_27' title="bbox 445 3085 998 3154; baseline 0.004 -5"><span class='ocrx_word' id='word_1_180' title='bbox 445 3085 689 3152; x_wconf 90' lang='lat' dir='ltr'><strong>dominationem</strong></span> <span class='ocrx_word' id='word_1_181' title='bbox 712 3087 835 3154; x_wconf 92' lang='lat' dir='ltr'><strong>modice</strong></span> <span class='ocrx_word' id='word_1_182' title='bbox 854 3087 998 3152; x_wconf 87' lang='lat' dir='ltr'><strong>laturum.</strong></span> 
     </span>
    </p>
   </div>
   <div class='ocr_carea' id='block_1_9' title="bbox 252 3209 1347 3395">
    <p class='ocr_par' dir='ltr' id='par_1_12' title="bbox 252 3209 1347 3395">
     <span class='ocr_line' id='line_1_28' title="bbox 252 3209 1346 3295; baseline -0.005 -17"><span class='ocrx_word' id='word_1_183' title='bbox 252 3215 309 3294; x_wconf 87' lang='lat'><strong>31,</strong></span> <span class='ocrx_word' id='word_1_184' title='bbox 331 3215 392 3292; x_wconf 82' lang='grc'><strong>29,</strong></span> <span class='ocrx_word' id='word_1_185' title='bbox 413 3213 433 3277; x_wconf 86' lang='grc'>8</span> <span class='ocrx_word' id='word_1_186' title='bbox 452 3209 664 3275; x_wconf 88' lang='lat' dir='ltr'><strong>scilicetsicut</strong></span> <span class='ocrx_word' id='word_1_187' title='bbox 676 3228 732 3275; x_wconf 88' lang='lat' dir='ltr'><strong>vos</strong></span> <span class='ocrx_word' id='word_1_188' title='bbox 745 3209 902 3294; x_wconf 89' lang='lat' dir='ltr'><strong>Naupacti</strong></span> <span class='ocrx_word' id='word_1_189' title='bbox 922 3212 1047 3295; x_wconf 85' lang='lat' dir='ltr'><strong>legibus</strong></span> <span class='ocrx_word' id='word_1_190' title='bbox 1069 3209 1182 3274; x_wconf 82' lang='lat' dir='ltr'><strong>vestris</strong></span> <span class='ocrx_word' id='word_1_191' title='bbox 1204 3227 1261 3292; x_wconf 90' lang='lat' dir='ltr'><strong>per</strong></span> <span class='ocrx_word' id='word_1_192' title='bbox 1281 3226 1346 3273; x_wconf 88' lang='lat' dir='ltr'><strong>ma-</strong></span> 
     </span>
     <span class='ocr_line' id='line_1_29' title="bbox 446 3308 1347 3395; baseline -0.003 -19"><span class='ocrx_word' id='word_1_193' title='bbox 446 3312 597 3394; x_wconf 85' lang='lat' dir='ltr'><strong>gistratus</strong></span> <span class='ocrx_word' id='word_1_194' title='bbox 631 3330 651 3374; x_wconf 90' lang='lat' dir='ltr'><strong>a</strong></span> <span class='ocrx_word' id='word_1_195' title='bbox 671 3311 761 3375; x_wconf 87' lang='lat' dir='ltr'><strong>vobis</strong></span> <span class='ocrx_word' id='word_1_196' title='bbox 776 3316 911 3395; x_wconf 28' lang='lat' dir='ltr'><strong>,creatos</strong></span> <span class='ocrx_word' id='word_1_197' title='bbox 943 3311 1108 3377; x_wconf 90' lang='lat' dir='ltr'><strong>concilium</strong></span> <span class='ocrx_word' id='word_1_198' title='bbox 1130 3308 1269 3390; x_wconf 85' lang='lat' dir='ltr'><strong>habetis,</strong></span> <span class='ocrx_word' id='word_1_199' title='bbox 1297 3327 1347 3373; x_wconf 89' lang='lat' dir='ltr'><strong>so·</strong></span> 
     </span>
    </p>
   </div>
   <div class='ocr_carea' id='block_1_10' title="bbox 444 3410 1478 3496">
    <p class='ocr_par' dir='ltr' id='par_1_13' title="bbox 444 3410 1478 3496">
     <span class='ocr_line' id='line_1_30' title="bbox 444 3410 1478 3496; baseline -0.009 -20"><span class='ocrx_word' id='word_1_200' title='bbox 444 3412 527 3477; x_wconf 94' lang='lat' dir='ltr'><strong>cium</strong></span> <span class='ocrx_word' id='word_1_201' title='bbox 549 3412 733 3493; x_wconf 87' lang='lat' dir='ltr'><strong>hostemque</strong></span> <span class='ocrx_word' id='word_1_202' title='bbox 754 3411 872 3492; x_wconf 86' lang='lat' dir='ltr'><strong>libere,</strong></span> <span class='ocrx_word' id='word_1_203' title='bbox 897 3430 989 3496; x_wconf 92' lang='lat' dir='ltr'><strong>quem</strong></span> <span class='ocrx_word' id='word_1_204' title='bbox 1009 3411 1121 3488; x_wconf 88' lang='lat' dir='ltr'><strong>velitis,</strong></span> <span class='ocrx_word' id='word_1_205' title='bbox 1143 3410 1269 3488; x_wconf 88' lang='lat' dir='ltr'><strong>lecturi,</strong></span> <span class='ocrx_word' id='word_1_206' title='bbox 1291 3429 1347 3493; x_wconf 90' lang='lat' dir='ltr'><strong>pa·</strong></span> <span class='ocrx_word' id='word_1_207' title='bbox 1475 3460 1478 3467; x_wconf 88' lang='lat'>.</span> 
     </span>
    </p>
   </div>
   <div class='ocr_carea' id='block_1_11' title="bbox 445 3509 1432 3796">
    <p class='ocr_par' dir='ltr' id='par_1_14' title="bbox 445 3509 1432 3796">
     <span class='ocr_line' id='line_1_31' title="bbox 446 3509 1346 3590; baseline -0.003 -15"><span class='ocrx_word' id='word_1_208' title='bbox 446 3530 513 3576; x_wconf 90' lang='lat' dir='ltr'><strong>cem</strong></span> <span class='ocrx_word' id='word_1_209' title='bbox 536 3529 574 3576; x_wconf 89' lang='lat' dir='ltr'><strong>ac</strong></span> <span class='ocrx_word' id='word_1_210' title='bbox 598 3510 713 3576; x_wconf 90' lang='lat' dir='ltr'><strong>bellum</strong></span> <span class='ocrx_word' id='word_1_211' title='bbox 741 3511 870 3576; x_wconf 90' lang='lat' dir='ltr'><strong>arbitrio</strong></span> <span class='ocrx_word' id='word_1_212' title='bbox 892 3511 1028 3576; x_wconf 93' lang='lat' dir='ltr'><strong>habituri</strong></span> <span class='ocrx_word' id='word_1_213' title='bbox 1050 3516 1168 3590; x_wconf 84' lang='lat' dir='ltr'><strong>vestro,</strong></span> <span class='ocrx_word' id='word_1_214' title='bbox 1191 3509 1237 3573; x_wconf 91' lang='lat' dir='ltr'><strong>sic</strong></span> <span class='ocrx_word' id='word_1_215' title='bbox 1259 3509 1346 3573; x_wconf 84' lang='lat' dir='ltr'><strong>Sicu·</strong></span> 
     </span>
     <span class='ocr_line' id='line_1_32' title="bbox 446 3610 1432 3694; baseline -0.001 -17"><span class='ocrx_word' id='word_1_216' title='bbox 446 3613 547 3679; x_wconf 92' lang='lat' dir='ltr'><strong>lorum</strong></span> <span class='ocrx_word' id='word_1_217' title='bbox 584 3611 762 3676; x_wconf 86' lang='lat' dir='ltr'><strong>civitatibus</strong></span> <span class='ocrx_word' id='word_1_218' title='bbox 795 3610 971 3694; x_wconf 88' lang='lat' dir='ltr'><strong>Syracusas</strong></span> <span class='ocrx_word' id='word_1_219' title='bbox 1006 3619 1060 3676; x_wconf 89' lang='lat' dir='ltr'><strong>aut</strong></span> <span class='ocrx_word' id='word_1_220' title='bbox 1088 3611 1266 3675; x_wconf 87' lang='lat' dir='ltr'><strong>Messanam</strong></span> <span class='ocrx_word' id='word_1_221' title='bbox 1294 3615 1349 3673; x_wconf 91' lang='lat' dir='ltr'><strong>aut</strong></span> <span class='ocrx_word' id='word_1_222' title='bbox 1431 3671 1432 3676; x_wconf 75' lang='grc'><strong>,</strong></span> 
     </span>
     <span class='ocr_line' id='line_1_33' title="bbox 445 3709 999 3796; baseline -0.011 -18"><span class='ocrx_word' id='word_1_223' title='bbox 445 3713 634 3796; x_wconf 86' lang='lat' dir='ltr'><strong>Lilybaeum</strong></span> <span class='ocrx_word' id='word_1_224' title='bbox 655 3709 801 3775; x_wconf 90' lang='lat' dir='ltr'><strong>indicitur</strong></span> <span class='ocrx_word' id='word_1_225' title='bbox 823 3711 999 3776; x_wconf 83' lang='lat' dir='ltr'><strong>concilium.</strong></span> 
     </span>
    </p>
   </div>
   <div class='ocr_carea' id='block_1_12' title="bbox 252 3832 1345 4121">
    <p class='ocr_par' dir='ltr' id='par_1_15' title="bbox 252 3832 1345 4121">
     <span class='ocr_line' id='line_1_34' title="bbox 252 3832 1345 3924; baseline -0.015 -15"><span class='ocrx_word' id='word_1_226' title='bbox 252 3846 303 3924; x_wconf 84' lang='lat'><strong>32,</strong></span> <span class='ocrx_word' id='word_1_227' title='bbox 324 3843 374 3921; x_wconf 81' lang='grc'><strong>10,</strong></span> <span class='ocrx_word' id='word_1_228' title='bbox 395 3843 415 3905; x_wconf 89' lang='grc'><strong>2</strong></span> <span class='ocrx_word' id='word_1_229' title='bbox 436 3837 494 3902; x_wconf 91' lang='lat' dir='ltr'><strong>sed</strong></span> <span class='ocrx_word' id='word_1_230' title='bbox 523 3834 665 3900; x_wconf 89' lang='lat' dir='ltr'><strong>deductis</strong></span> <span class='ocrx_word' id='word_1_231' title='bbox 698 3853 738 3898; x_wconf 85' lang='lat' dir='ltr'><strong>ex</strong></span> <span class='ocrx_word' id='word_1_232' title='bbox 770 3833 847 3898; x_wconf 91' lang='lat' dir='ltr'><strong>urbe</strong></span> <span class='ocrx_word' id='word_1_233' title='bbox 873 3833 1042 3917; x_wconf 89' lang='lat' dir='ltr'><strong>praesidiis</strong></span> <span class='ocrx_word' id='word_1_234' title='bbox 1067 3832 1199 3897; x_wconf 87' lang='lat' dir='ltr'><strong>liberam</strong></span> <span class='ocrx_word' id='word_1_235' title='bbox 1228 3832 1345 3895; x_wconf 91' lang='lat' dir='ltr'><strong>contio-</strong></span> 
     </span>
     <span class='ocr_line' id='line_1_35' title="bbox 447 3930 1345 4016; baseline -0.008 -16"><span class='ocrx_word' id='word_1_236' title='bbox 447 3955 536 4016; x_wconf 91' lang='lat' dir='ltr'><strong>nem,</strong></span> <span class='ocrx_word' id='word_1_237' title='bbox 569 3953 632 3999; x_wconf 91' lang='lat' dir='ltr'><strong>non</strong></span> <span class='ocrx_word' id='word_1_238' title='bbox 653 3933 803 3998; x_wconf 83' lang='lat' dir='ltr'><strong>immixtis</strong></span> <span class='ocrx_word' id='word_1_239' title='bbox 820 3933 1081 3999; x_wconf 87' lang='lat' dir='ltr'><strong>Lacedaemoniis</strong></span> <span class='ocrx_word' id='word_1_240' title='bbox 1103 3930 1345 4011; x_wconf 90' lang='lat' dir='ltr'><strong>declaraturam,</strong></span> 
     </span>
     <span class='ocr_line' id='line_1_36' title="bbox 418 4030 1345 4121; baseline -0.01 -19"><span class='ocrx_word' id='word_1_241' title='bbox 418 4068 425 4085; x_wconf 89' lang='lat'><strong>·</strong></span> <span class='ocrx_word' id='word_1_242' title='bbox 447 4036 523 4121; x_wconf 93' lang='lat' dir='ltr'><strong>quid</strong></span> <span class='ocrx_word' id='word_1_243' title='bbox 545 4035 656 4119; x_wconf 81' lang='lat' dir='ltr'><strong>Argivi</strong></span> <span class='ocrx_word' id='word_1_244' title='bbox 676 4035 804 4116; x_wconf 87' lang='lat' dir='ltr'><strong>vellent,</strong></span> <span class='ocrx_word' id='word_1_245' title='bbox 826 4034 970 4119; x_wconf 91' lang='lat' dir='ltr'><strong>praeberi</strong></span> <span class='ocrx_word' id='word_1_246' title='bbox 992 4034 1109 4100; x_wconf 91' lang='lat' dir='ltr'><strong>debere</strong></span> <span class='ocrx_word' id='word_1_247' title='bbox 1131 4030 1256 4096; x_wconf 90' lang='lat' dir='ltr'><strong>dicebat</strong></span> <span class='ocrx_word' id='word_1_248' title='bbox 1278 4049 1345 4096; x_wconf 87' lang='lat' dir='ltr'><strong>rex.</strong></span> 
     </span>
    </p>
   </div>
   <div class='ocr_carea' id='block_1_13' title="bbox 170 4156 1345 4382">
    <p class='ocr_par' dir='ltr' id='par_1_16' title="bbox 170 4156 1345 4382">
     <span class='ocr_line' id='line_1_37' title="bbox 192 4156 876 4243; baseline -0.009 -19"><span class='ocrx_word' id='word_1_249' title='bbox 192 4158 239 4224; x_wconf 83' lang='lat' dir='ltr'><strong>Ol.</strong></span> <span class='ocrx_word' id='word_1_250' title='bbox 262 4163 312 4240; x_wconf 84' lang='lat'><strong>36,</strong></span> <span class='ocrx_word' id='word_1_251' title='bbox 332 4165 362 4241; x_wconf 85' lang='lat'><strong>7,</strong></span> <span class='ocrx_word' id='word_1_252' title='bbox 383 4162 439 4238; x_wconf 71' lang='lat'><strong>203</strong></span> <span class='ocrx_word' id='word_1_253' title='bbox 461 4156 581 4239; x_wconf 84' lang='grc'><strong>37,11,</strong></span> <span class='ocrx_word' id='word_1_254' title='bbox 603 4157 639 4235; x_wconf 71' lang='grc'><strong>8,</strong></span> <span class='ocrx_word' id='word_1_255' title='bbox 661 4158 710 4233; x_wconf 89' lang='grc'><strong>41,</strong></span> <span class='ocrx_word' id='word_1_256' title='bbox 734 4157 783 4234; x_wconf 88' lang='grc'><strong>19,</strong></span> <span class='ocrx_word' id='word_1_257' title='bbox 807 4156 876 4243; x_wconf 89' lang='grc' dir='ltr'><strong>10.Ι</strong></span> 
     </span>
     <span class='ocr_line' id='line_1_38' title="bbox 170 4290 1345 4382; baseline -0.013 -15"><span class='ocrx_word' id='word_1_258' title='bbox 170 4300 255 4367; x_wconf 81' lang='lat' dir='ltr'><strong>Cart.</strong></span> <span class='ocrx_word' id='word_1_259' title='bbox 284 4304 333 4382; x_wconf 91' lang='lat'><strong>10,</strong></span> <span class='ocrx_word' id='word_1_260' title='bbox 354 4302 383 4380; x_wconf 88' lang='grc'><strong>8,</strong></span> <span class='ocrx_word' id='word_1_261' title='bbox 404 4301 425 4363; x_wconf 83' lang='grc'>4</span> <span class='ocrx_word' id='word_1_262' title='bbox 446 4296 600 4362; x_wconf 86' lang='lat' dir='ltr'><strong>Perdicca</strong></span> <span class='ocrx_word' id='word_1_263' title='bbox 619 4313 735 4380; x_wconf 89' lang='lat' dir='ltr'><strong>pueros</strong></span> <span class='ocrx_word' id='word_1_264' title='bbox 752 4311 850 4376; x_wconf 90' lang='lat' dir='ltr'><strong>equos</strong></span> <span class='ocrx_word' id='word_1_265' title='bbox 872 4291 963 4357; x_wconf 89' lang='lat' dir='ltr'><strong>iussit</strong></span> <span class='ocrx_word' id='word_1_266' title='bbox 985 4290 1196 4356; x_wconf 89' lang='lat' dir='ltr'><strong>conscendere</strong></span> <span class='ocrx_word' id='word_1_267' title='bbox 1217 4294 1250 4353; x_wconf 91' lang='lat' dir='ltr'><strong>et</strong></span> <span class='ocrx_word' id='word_1_268' title='bbox 1274 4307 1345 4354; x_wconf 90' lang='lat' dir='ltr'><strong>cum</strong></span> 
     </span>
    </p>
   </div>
   <div class='ocr_carea' id='block_1_14' title="bbox 0 0 1530 5130">
    <p class='ocr_par' dir='ltr' id='par_1_17' title="bbox 0 0 1530 5130">
     <span class='ocr_line' id='line_1_39' title="bbox 0 0 1530 5130; baseline 0 0"><span class='ocrx_word' id='word_1_269' title='bbox 0 0 1530 5130; x_wconf 95' lang='lat' dir='ltr'><strong> </strong></span> 
     </span>
    </p>
   </div>
  </div>
 </body>
</html>
