3052 5130
674 642 859 709 -3..

175 831 298 890 suetum
313 824 462 889 'Iblliana
482 825 692 889 concinnitate
713 824 861 891 lectorem
884 822 1014 889 deludat
1036 821 1246 920 frequentium
1267 820 1355 886 cuius
1471 820 1486 920 u‘

175 925 316 989 intanta
338 924 503 989 dulcedine
524 926 624 990 maior
657 928 696 990 sit
717 923 1022 1015 orationisdurities
1034 971 1043 1004 ‚
1077 921 1278 1004 periodorum
1304 922 1356 986 vel

175 1028 313 1088 tortuoso
334 1025 455 1088 ambitu
479 1027 590 1107 (saepe
612 1026 707 1090 etiam
734 1023 933 1110 imperfecto)
956 1025 1006 1089 vel
1027 1023 1189 1087 iuncturae
1211 1021 1356 1105 quaesita

177 1122 402 1206 neglegentia.

256 1224 345 1288 Haec
366 1225 472 1301 verba,
495 1225 638 1310 quamvis
660 1224 838 1288 summatim
861 1225 980 1307 scripta
1001 1223 1064 1286 sint
1084 1222 1125 1286 de
1146 1240 1291 1286 sermone
1305 1221 1355 1284 Li·

174 1324 284 1406 viano,
319 1329 424 1388 tamen
441 1325 515 1406 quin
538 1343 643 1401 usum,
678 1323 718 1388 de
739 1343 800 1406 quo
822 1325 912 1389 nobis
934 1330 983 1387 est
1004 1322 1177 1406 agendum,
1199 1322 1356 1404 attingant
1478 1326 1486 1376 ’ἰ

174 1423 417 1504 quodammodo,
440 1425 510 1505 quis
533 1423 656 1505 estqui
679 1424 823 1488 dubitet?

257 1523 430 1587 Guilelmus
452 1523 746 1602 Weissenbornius,
774 1525 833 1588 etsi
860 1524 961 1587 virum
984 1522 1199 1588 doctissimum
1221 1520 1354 1603 optime-

174 1640 236 1702 que
258 1623 299 1688 de
319 1624 408 1688 Livio
431 1625 573 1688 meritum
596 1623 628 1687 in
650 1623 873 1687 commentario
897 1623 1042 1688 editionis
1072 1640 1150 1687 suae
1174 1619 1354 1684 Weidman·

173 1721 288 1786 nianae
317 1721 359 1786 ad
380 1722 467 1787 locos
500 1729 529 1802 5,
555 1728 602 1804 18,
626 1728 659 1802 5,
683 1727 731 1802 22,
756 1727 804 1804 19,
829 1727 885 1801 11;
910 1727 959 1801 25,
981 1727 1031 1802 35,
1055 1726 1073 1786 2
1109 1719 1353 1801 haudquaquam

172 1820 253 1903 fugit
263 1827 418 1885 structura
439 1822 494 1886 illa
514 1823 686 1887 insolenter
707 1825 820 1907 posita,
842 1832 947 1889 tamen
965 1824 1014 1886 his
1035 1821 1113 1885 locis
1135 1820 1215 1885 alios
1230 1837 1355 1900 quoque

174 1919 328 1984 eiusmodi
351 1919 464 1985 afferre
485 1922 563 1985 satis
586 1921 683 1988 habet
703 1942 806 2005 neque
828 1924 1000 2006 quidquam
1021 1927 1110 1986 notat
1132 1919 1193 1984 nisi
1213 1939 1353 1985 nonnun-

174 2037 267 2100 quam
290 2019 422 2084 inveniri
443 2021 528 2105 apud
550 2021 672 2086 Livium
694 2023 776 2087 hunc
797 2043 888 2088 usum
910 2022 1101 2098 solutionem,
1125 2038 1219 2101 quem
1241 2018 1354 2083 eodem

174 2118 267 2192 modo
289 2118 490 2185 iudicandum
516 2141 587 2186 esse
609 2127 699 2205 putat
730 2142 768 2187 ac
789 2124 963 2187 iuncturam
990 2120 1139 2187 adieetivi
1161 2127 1193 2185 et
1223 2119 1354 2185 ablativi

173 2219 223 2284 vel
245 2220 384 2301 genetivi
406 2221 585 2303 qualitatis,
608 2227 641 2287 ut
662 2224 747 2306 apud
769 2222 893 2288 Livium
916 2226 965 2301 25,
985 2226 1034 2303 36,
1056 2222 1098 2287 5.
1123 2267 1130 2282 .
1154 2266 1161 2282 .
1184 2220 1285 2284 nudus
1307 2228 1353 2285 tu-

172 2319 273 2384 mulus
297 2326 329 2384 et
350 2321 456 2403 asperi
477 2322 536 2386 soli
559 2372 565 2385 .
589 2375 595 2386 .
619 2370 659 2388 ..

254 2420 364 2484 Plures
386 2419 539 2484 editorum
563 2421 803 2504 adnotationes,
837 2428 990 2504 quatenus
1012 2421 1170 2505 pertinent
1191 2419 1232 2484 ad
1255 2438 1352 2503 expo-

171 2520 292 2584 nendos
315 2519 456 2600 singulos
478 2519 584 2598 locos,
605 2522 685 2587 sicut
706 2541 799 2604 quam
821 2522 949 2586 exhibet
970 2522 1009 2585 Η.
1031 2521 1060 2585 J.
1083 2520 1215 2585 Mueller
1235 2521 1267 2583 in
1290 2519 1353 2584 edi·

171 2620 255 2684 tione
276 2617 359 2682 Livii
380 2618 451 2682 libri
467 2619 562 2684 XXV
583 2623 624 2686 ad
646 2622 824 2686 scholarum
846 2640 936 2685 usum
957 2621 1181 2686 commentario
1203 2621 1354 2684 instructa

171 2718 245 2783 anni
267 2722 347 2786 1879
369 2718 429 2783 sub
451 2723 501 2803 25,
523 2724 573 2800 35,
596 2725 614 2786 2
636 2722 727 2802 inira,
749 2720 825 2786 data
846 2723 1021 2803 occasione,
1044 2721 1222 2789 afferentur.

728 2889 798 2967 53.

253 3015 315 3081 Ubi
343 3017 499 3102 plurima,
533 3039 615 3102 quae
636 3020 791 3086 illustrent
813 3022 895 3088 hanc
927 3041 1021 3104 quam
1044 3021 1104 3104 sibi
1134 3021 1166 3085 in
1187 3020 1353 3103 iungendis

170 3117 346 3201 participiis
377 3121 511 3202 sumpsit
532 3120 639 3185 Livius
666 3121 846 3205 licentiam,
882 3130 1064 3207 exspectes,
1100 3121 1132 3185 in
1166 3120 1353 3185 Kuehnastii

171 3218 299 3298 syntaxi
321 3217 455 3283 Liviana
477 3220 541 3300 (ed.
559 3224 587 3284 2.
610 3222 684 3285 anni
708 3224 818 3303 1872),
851 3222 1045 3288 subtiliorem
1066 3222 1112 3287 rei
1134 3221 1353 3286 tractationem

171 3314 378 3380 desiderabis.
420 3317 503 3382 Nam
526 3320 609 3400 quod
630 3341 704 3404 pag.
727 3323 789 3388 258
810 3343 836 3389 0.
850 3323 872 3391 f.
894 3323 1044 3406 legimus:
1068 3324 1245 3404 „Dagegen
1266 3321 1354 3384 kann

171 3433 244 3478 man
267 3414 319 3478 die
337 3415 525 3499 Oopulation
546 3439 607 3484 von
629 3440 692 3486 cas.
715 3423 782 3487 abs.
817 3425 873 3488 mit
894 3424 965 3488 dem
987 3424 1071 3488 Part.
1101 3428 1215 3487 constr.
1239 3420 1353 3500 (seiten

170 3533 227 3579 vor
248 3514 372 3597 Livius,
394 3517 461 3582 Liv.
483 3524 532 3598 25,
554 3523 609 3601 35,
632 3522 666 3602 2,
706 3528 731 3603 1,
754 3525 807 3604 28,
833 3529 888 3606 10,
912 3523 975 3606 (wo
1004 3521 1233 3587 Weissenborn
1264 3519 1354 3584 mehr

170 3615 289 3680 Stellen
318 3616 433 3697 citiert)
455 3623 515 3681 etc.
548 3638 586 3683 zu
618 3622 681 3684 den
707 3621 931 3687 Analxoluthen
964 3621 1108 3704 ndhlen“,
1143 3640 1210 3685 rem
1241 3620 1353 3685 leviter
1460 3652 1466 3695 ;

170 3720 287 3880 tacbtam
309 3716 438 3800 insuper
459 3718 586 3784 turbare
607 3739 712 3802 neque
732 3721 878 3787 sufficere
891 3722 932 3787 ad
950 3720 1182 3804 expediendam
1194 3741 1260 3786 rem
1281 3738 1352 3803 pro·

172 3818 212 3881 ba
235 3816 304 3880 itur.

72 3997 75 4000 ἦ
252 3916 351 3980 Multo
373 3919 476 4001 magis
497 3918 681 3985 adiuvamur
703 3922 763 4002 iis,
792 3940 874 4002 quae
897 3920 933 3985 O.
958 3921 1006 3983 W.
1030 3918 1176 4002 Krueger
1196 3919 1299 3984 attulit
1320 3920 1351 3983 in
1425 3902 1427 3906 ⁷

170 4018 398 4100 grammaticae
439 4017 581 4084 Graecae
624 4021 762 4086 editione
799 4022 907 4103 quinta
940 4021 1014 4084 anni
1049 4022 1130 4086 1875
1174 4021 1277 4101 ἓ56,
1313 4022 1352 4085 14

170 4118 425 4300 ρὶὶὲ’1302οἳ000ιο
459 4219 542 4284 enim
583 4220 753 4308 particulas
789 4227 820 4284 et
848 4218 1044 4302 copulativas
1077 4224 1109 4282 et
1134 4218 1352 4284 adversativae

170 4319 315 4402 usurpari
338 4339 433 4403 posse
454 4319 535 4384 dixit
566 4321 608 4384 ad
629 4320 850 4402 coniungenda
870 4319 1048 4403 participia,
1071 4335 1153 4402 qnae
1174 4338 1235 4383 non
1257 4318 1351 4383 modo

169 4418 418 4501 significatione,
450 4421 508 4484 sed
531 4420 626 4484 etiam
654 4419 755 4484 forma
776 4419 958 4502 discrepant
978 4423 1059 4485 inter
1080 4438 1132 4500 se,
1165 4418 1198 4483 in
1219 4418 1351 4500 adnota7
1459 4454 1461 4459 ,

170 4518 254 4584 tione
277 4519 378 4584 altera
399 4520 510 4603 pergit
525 4519 607 4585 hunc
629 4519 696 4584 fere
717 4520 748 4583 in
770 4521 912 4584 modum:

248 4617 355 4694 ‘Quod
377 4638 452 4684 vero
485 4638 555 4684 cum
576 4620 724 4702 genetivo
746 4621 903 4703 participii
930 4618 1054 4684 relativi
1077 4618 1274 4700 coniungitur
1295 4618 1351 4682 ab·

169 4716 264 4781 soluti
284 4719 444 4804 participii
466 4721 647 4801 genetivum
685 4739 755 4786 cum
783 4722 930 4804 genetivo
966 4718 1111 4783 absoluto
1140 4717 1350 4783 nominativus
1479 4720 1482 4724 ’

1103 4821 1138 4886 p
