3052 5130
426 848 511 914 anuli
531 847 636 930 sigillo
656 847 810 930 inpresso,
823 844 927 913 Siseni
948 844 1017 908 dari
1039 843 1174 908 iusserat
1195 842 1237 908 ad
1259 839 1352 908 aesti-

428 949 575 1014 mandam
596 948 691 1012 fidem
714 945 848 1012 barbari.
1000 1021 1001 1024 Ἴ

316 1071 342 1117 o.
364 1051 587 1115 nominativum
621 1047 778 1132 participii
812 1045 935 1111 relativi
970 1044 1102 1130 perfecti
1133 1043 1222 1121 verbi
1255 1042 1351 1125 depo·
1379 1069 1382 1073 ·
1440 1094 1444 1101 ,
1479 1116 1481 1121 ,

365 1151 484 1215 nentis:
1480 1142 1486 1159 ¹

169 1268 298 1348 Liaas,
311 1272 360 1349 23,
373 1271 411 1332 lb
433 1266 471 1330 Id
493 1265 545 1329 ubi
566 1265 690 1350 accepit
711 1264 897 1341 Marcellus,
931 1281 1000 1326 oum
1028 1261 1137 1345 paucis
1160 1259 1353 1324 tribunorum

427 1359 1352 1445 mmmmmmmwmmmmm·

427 1473 490 1531 tam
514 1464 671 1547 agendam
694 1466 935 1544 audendamque
966 1463 1088 1527 idoneis
1120 1458 1352 1525 centurionibus

428 1564 640 1645 militibusque
662 1572 697 1629 et
714 1565 809 1630 scalis
831 1564 995 1629 inocculto
1017 1561 1217 1644 comparatis,
1240 1560 1352 1624 ceteris

427 1667 552 1748 signum
575 1667 645 1730 dari
666 1664 762 1747 iubet,
784 1671 818 1730 ut
840 1716 846 1729 .
872 1711 878 1726 .
903 1714 910 1728 .
933 1713 940 1728 .

349 1806 387 1847 ‘a
426 1782 564 1847 Functus
592 1776 772 1848 necessario
800 1782 877 1846 mihi
903 1780 1007 1848 olficio
1037 1783 1073 1843 et
1094 1778 1230 1860 quodam
1259 1777 1353 1842 modo

427 1883 561 1946 liberata
583 1889 677 1965 atque
701 1888 872 1949 exonerata
894 1883 956 1946 fide
979 1898 1067 1960 mea,
1101 1879 1177 1962 quid
1203 1880 1284 1943 ultra
1305 1878 1352 1943 fa·

428 2001 500 2047 cere
533 2002 679 2064 possum,
710 2002 803 2064 quam
826 1983 870 2047 uti
898 1981 975 2046 deos
998 1981 1139 2061 deasque
1161 1998 1283 2062 precer,
1320 1984 1353 2042 ut
1457 2021 1458 2024 ,

428 2101 483 2146 vos
513 2086 546 2147 et
568 2090 693 2147 vestrae
725 2082 937 2167 reipublicae
970 2087 1002 2146 et
1023 2081 1113 2145 nobis
1140 2081 1235 2145 sociis
1257 2086 1352 2161 atque

427 2183 547 2265 amicis,
570 2185 686 2265 quiex
707 2184 796 2248 vobis
819 2182 1003 2265 pendemus,
1026 2179 1217 2245 consulatis?

212 2303 267 2380 42,
291 2305 380 2380 38,2
422 2301 495 2365 indo
521 2301 552 2364 in
575 2301 732 2366 Aetoliam
754 2299 916 2385 progressi
950 2318 988 2363 ac
1015 2316 1133 2380 paucos
1165 2298 1208 2360 ibi
1238 2299 1351 2361 morati

428 2401 517 2479 dies,
541 2401 615 2465 dum
636 2402 668 2465 in
690 2403 843 2485 praetoris
867 2400 979 2463 mortui
1001 2398 1103 2462 locum
1126 2398 1206 2461 alius
1227 2397 1350 2461 suffice·

428 2507 521 2578 retur,
546 2500 728 2585 ctLyoisco
752 2505 896 2582 praetore
918 2498 1012 2577 facto,
1037 2515 1130 2578 quem
1141 2497 1350 2560 Romanorum

429 2599 536 2663 tavers
566 2601 660 2665 rebus
682 2601 761 2664 satis
783 2601 975 2681 compertum
998 2603 1086 2679 crat,
1109 2596 1299 2661 transierunt
1319 2595 1350 2660 in

428 2697 635 2763 Thessaliam.

212 2815 265 2894 43,
289 2817 347 2895 21,
369 2821 387 2881 5
430 2815 469 2878 llt
491 2816 626 2880 Perseus
647 2816 802 2880 Elimeam
823 2815 983 2900 profectus
1006 2820 1043 2880 et
1064 2815 1148 2879 oirca
1169 2834 1239 2879 cam
1263 2833 1352 2878 exer·

435 2915 497 2978 citu
540 2914 689 2997 lustrato,
733 2916 774 2980 ad
809 2917 947 2980 Stratum
990 2915 1175 2980 vocantibus
1214 2915 1351 2997 Epirotis

426 3015 520 3079 ducit.

233 3129 282 3209 44,
309 3136 335 3208 4,
359 3134 377 3194 4
420 3132 493 3196 inde
515 3134 623 3197 consul
646 3134 686 3197 ad
700 3134 900 3198 Ambraciam
921 3151 1069 3216 egressus
1091 3132 1201 3196 itinere
1213 3133 1351 3196 terrestri

425 3233 504 3315 petit
525 3234 739 3312 Thessaliam,
762 3241 888 3317 praetor
910 3240 1058 3317 snperato
1083 3234 1224 3304 Leucata
1243 3232 1350 3297 (loriu-
1404 3292 1406 3297 .

426 3333 523 3395 thium
554 3333 656 3397 sinum
683 3335 823 3398 invectus
857 3340 894 3399 et
916 3333 1053 3398 Creusae
1080 3333 1195 3398 relictis
1217 3333 1350 3396 navibus

426 3438 509 3495 terra
530 3438 561 3496 et
581 3434 651 3516 ipse
673 3454 730 3516 per
758 3434 893 3498 mediam
910 3433 1072 3498 Boeotiam
1087 3484 1094 3497 .
1112 3480 1144 3496 ..
1168 3432 1349 3496 Chalcidem

424 3531 466 3594 ad
488 3531 624 3597 classem
646 3533 814 3597 contendit.

169 3645 219 3723 44,
242 3648 292 3724 28,
315 3646 396 3711 4-5
419 3650 545 3729 cognito
568 3650 682 3714 deinde
704 3651 736 3713 iu
758 3650 856 3714 latere
878 3650 976 3716 altero
991 3649 1219 3732 quinquaginta
1240 3669 1348 3716 onera·

70 3750 72 3755 '
426 3747 490 3810 rias
512 3767 639 3813 suarum
661 3751 817 3814 stantibus
846 3752 876 3814 in
899 3752 979 3815 ostio
1001 3759 1109 3835 portus
1131 3751 1279 3815 Eumenis
1302 3771 1349 3815 ro·

425 3848 543 3929 stratis,
571 3849 682 3930 quibus
696 3851 826 3914 Damius
849 3857 1004 3933 praeerat,
1026 3853 1164 3916 inclusas
1187 3870 1267 3930 esse,
1290 3851 1348 3915 cir-

427 3950 641 4029 cumvectus1)
664 3969 800 4034 propere
822 3970 866 4015 ac
887 3953 1049 4015 summotis
1073 3959 1192 4016 terrore
1213 3952 1348 4016 hostium

425 4047 569 4130 navibus,
592 4051 753 4114 onerarias
775 4052 806 4115 in
830 4050 1046 4115 Macedoniam
1069 4050 1171 4113 mittit.

253 4142 373 4219 Quibus
396 4147 549 4231 exemplis
584 4149 615 4211 in
638 4151 775 4215 medium
796 4151 926 4235 prolatis
955 4170 1058 4233 pauca
1080 4150 1216 4216 adiciam
1238 4151 1277 4215 de
1299 4171 1348 4216 ra·

169 4243 263 4323 tione,
286 4263 380 4324 quam
402 4252 527 4311 secutus
550 4268 618 4312 sum
641 4250 673 4313 in
691 4251 876 4334 colligendis
898 4252 937 4315 iis
959 4253 1242 4335 proponendisque

252 4341 403 4408 Omnibus
436 4347 517 4409 enim
545 4367 668 4413 summa
696 4371 759 4433 qua
780 4352 867 4434 potui
889 4353 1054 4435 diligentia
1076 4352 1273 4435 perlustratis
1300 4371 1348 4433 ca,

168 4441 200 4504 in
224 4442 336 4524 qulbus
358 4444 456 4510 dubia
477 4447 642 4529 minusque
664 4469 815 4533 expressa
837 4453 918 4516 inest
948 4453 1004 4517 illa
1024 4453 1184 4518 iuncturae
1207 4453 1347 4536 proprie·

257 4673 285 4739 l)
305 4672 352 4727 Sic
379 4675 482 4730 scribit
513 4676 690 4746 Madvigius,
718 4679 970 4736 Weissenbornius
995 4721 1053 4736 ...
1079 4682 1264 4738 circumvecti
1288 4725 1293 4740 .
1316 4723 1347 4740 ..

169 4759 292 4814 mittunt.
