3052 5130
667 709 853 778 -γ-

172 887 240 953 Liv.
257 891 306 967 25,
320 891 402 971 35,2
424 907 485 972 quo
516 889 570 953 ubi
616 894 665 954 est
695 895 838 973 ventum,
881 889 962 954 inter
997 888 1154 955 exercitus
1191 890 1351 974 ducesque

427 989 559 1054 victoria
579 992 696 1055 recenti
718 991 820 1056 laetos
843 989 1013 1074 gratulatio
1035 988 1148 1072 ingens
1169 989 1273 1073 facta,
1296 992 1352 1056 im-

429 1095 575 1172 peratore
596 1095 683 1156 tanto
715 1110 785 1156 cum
812 1091 897 1155 omni
928 1089 1070 1154 'exercitu
1091 1089 1195 1154 deleto
1217 1096 1255 1155 ct
1275 1092 1352 1157 alte·

429 1207 497 1253 ram
519 1210 575 1273 pro
588 1174 672 1256 haud
694 1192 791 1257 dubia
810 1209 918 1276 parem
936 1190 1099 1255 victoriam
1121 1196 1352 1278 exspectantes.

236 1282 283 1349 ‘b.
318 1286 528 1354 nominativus
571 1290 741 1373 singularis
780 1291 939 1375 participii
979 1289 1113 1374 perlecti
1147 1292 1268 1373 passivi
1304 1311 1352 1357 re·

325 1384 430 1452 lativi:

172 1504 240 1572 etv.
264 1512 292 1588 7,
317 1513 365 1590 11,
390 1513 406 1573 1
428 1509 469 1574 Et
490 1510 617 1576 hercule
638 1514 716 1578 tanti
740 1531 778 1578 ea
800 1512 841 1577 ad
862 1510 1000 1576 universi
1022 1510 1096 1574 belli
1119 1515 1264 1575 eventum
1286 1530 1351 1577 mo·

427 1612 523 1683 menti
545 1611 704 1678 dimicatio
725 1613 802 1693 fuit,
830 1617 865 1677 ut
886 1610 1047 1676 Gallorum
1069 1611 1225 1676 exercitus
1247 1612 1351 1694 proxi·

428 1729 480 1774 ma
493 1715 584 1777 nocte
605 1712 723 1777 relictis
746 1712 868 1796 trepide
878 1712 1001 1791 castris,
1023 1713 1055 1776 in
1067 1711 1229 1775 Tiburtem
1241 1731 1352 1794 agrum

427 1815 521 1892 atque
543 1811 625 1887 inde,
647 1812 798 1878 societate
821 1810 895 1876 belli
918 1810 1004 1876 facta
1021 1815 1277 1892 commeatuque
1300 1811 1352 1876 be·

426 1912 523 1992 nigne
555 1911 596 1975 ab
617 1912 801 1977 Tiburtibus
823 1911 948 1976 adiutus
982 1930 1057 1977 mox
1089 1912 1122 1975 in
1144 1912 1351 1995 (lamponium

427 2010 593 2076 transierit.

170 2130 402 2224 Liy.22,22,15
424 2131 541 2196 homini
563 2151 625 2196 non
647 2131 688 2196 ad
711 2131 942 2197 ceteraPunica
952 2132 1081 2213 ingenia
1095 2132 1210 2198 callido
1232 2137 1266 2198 ut
1282 2151 1351 2215 per·

426 2231 543 2312 suasit,
575 2238 666 2297 nocte
693 2233 774 2298 clam
799 2249 986 2316 progressus
1014 2231 1056 2296 ad
1085 2233 1221 2297 hostium
1242 2233 1351 2298 statio·

426 2349 498 2411 nes,
520 2334 682 2398 conventis
704 2332 893 2414 quibusdam
912 2331 1118 2397 auxiliaribus
1141 2331 1291 2414 Hispanis
1314 2338 1353 2396 et

427 2431 474 2494 ab.
492 2430 540 2495 his
561 2434 602 2497 ad
626 2432 807 2516 Scipionem
830 2433 1009 2514 perductus,
1031 2431 1105 2514 quid
1127 2430 1275 2513 adferret,
1297 2450 1351 2496 ex-

427 2532 551 2613 promit.

171 2649 237 2715 Liv.
252 2651 302 2732 25,
316 2653 395 2731 ld,8
416 2653 480 2716 iam
503 2659 535 2717 et
556 2654 674 2733 consul,
697 2653 740 2718 ad
762 2652 1273 2736 conspectumtransgredientium
1287 2651 1352 2717 val-

426 2753 489 2816 lum
512 2759 630 2818 mutato
657 2753 788 2818 consilio
810 2754 851 2816 ab
887 2750 1180 2835 revocandoque¹)
1215 2751 1256 2816 ad
1277 2750 1352 2815 inci·

424 2854 537 2918 tandos
561 2853 795 2935 hortandosque
825 2870 934 2917 versus
956 2851 1087 2933 milites,
1108 2851 1292 2934 ostendere,
1319 2851 1351 2914 in

425 2960 541 3039 quanto
574 2953 754 3019 discrimine
784 2971 823 3018 ac
855 2951 993 3036 periculo
1026 2950 1198 3017 fortissima
1239 2951 1352 3018 cohors

426 3054 581 3120 sociorum
604 3060 636 3118 et
658 3055 774 3120 civium
795 3054 881 3136 legio
904 3058 998 3118 esset.

251 3173 278 3220 c.
301 3155 513 3221 nominativus
535 3153 706 3237 singularis
728 3153 886 3237 participii
907 3151 1041 3236 perfecti
1064 3151 1267 3237 deponentis:

168 3276 236 3343 Liv.
250 3281 300 3359 28,
313 3282 342 3360 8,
360 3283 397 3343 12
418 3279 502 3360 inde,
525 3277 713 3342 conlaudata
733 3275 795 3340 fide
817 3293 855 3339 ac
876 3275 1004 3356 virtute,
1027 3275 1111 3360 quod
1132 3293 1234 3357 neque
1261 3275 1353 3339 timor

423 3396 525 3463 neque
554 3396 629 3461 spes
663 3376 806 3441 flexisset
827 3393 934 3440 eorum
956 3375 1088 3457 animos,
1122 3374 1354 3457 hortatusque,

425 3477 457 3541 in
481 3483 639 3560 posterum
671 3484 705 3541 ut
726 3476 839 3542 eadem
868 3476 1045 3541 constantia
1067 3479 1296 3558 ‘permanerent
1320 3473 1353 3538 in
1416 3472 1422 3485 ’

425 3577 589 3658 societate,
612 3629 618 3641 .
643 3629 649 3642 .
672 3577 713 3641 ab
736 3576 887 3641 (lhaloide
910 3575 1025 3641 Oreum
1046 3575 1178 3657 navigat
1199 3623 1207 3640 .
1231 3627 1237 3640 .
1261 3623 1269 3639 .
1293 3619 1300 3636 .

74 3780 77 3784 Ι
169 3700 238 3765 Liv.
251 3701 302 3779 41,
314 3702 397 3782 26,3
420 3705 479 3784 Ap.
503 3699 653 3764 Claudius
681 3699 772 3781 signo
793 3699 954 3781 proposito
982 3716 1110 3781 pugnae
1132 3697 1211 3782 acl)
1244 3699 1353 3781 paucis
1385 3698 1389 3703 ’

426 3799 610 3863 adhortatus
632 3799 758 3880 milites,
778 3799 877 3863 tribus
898 3798 990 3863 simul
1011 3799 1108 3880 portis
1131 3798 1248 3869 eduxit.

146 3987 149 3992 .
250 3922 286 3986 B.
310 3921 467 4006 participii
491 3921 614 3986 relativi
636 3940 728 3986 casus
750 3922 882 4008 obliqui:

170 4045 256 4110 Ourt.
270 4047 300 4127 4,
315 4050 343 4124 6,
358 4020 397 4112 25
421 4043 522 4109 Betim
557 4044 688 4126 egregia
716 4044 801 4108 edita
823 4065 931 4129 pugna
951 4043 1136 4145 multisque
1173 4042 1367 4109 vulneribus
1479 4028 1482 4033 ¹

427 4143 602 4210 confectum
625 4142 830 4209 deseruerunt
850 4146 908 4209 sui.

240 4420 268 4491 1)
288 4420 367 4475 Hanc
387 4421 451 4477 cod.
470 4419 593 4474 Puteani
621 4418 792 4486 scripturam
820 4421 919 4472 tuetur
944 4417 1118 4484 Harantius,
1151 4433 1214 4472 cum
1244 4416 1356 4472 scribat

169 4509 205 4564 M.
216 4509 335 4563 Mueller
348 4508 396 4565 ‘ab
415 4508 578 4563 resistendo
596 4505 836 4574 revocandoque’,
854 4505 892 4561 A.
907 4505 1119 4563 LuchsiusEm.
1138 4506 1200 4561 Liv.
1212 4507 1237 4561 ΙΙ
1255 4509 1289 4564 10
1307 4505 1354 4560 ‘ab

169 4597 333 4653 revocando
351 4595 582 4665 recipiendoquc’
602 4596 649 4650 vel
667 4595 714 4650 ‘ab
733 4595 898 4650 revocando
916 4592 1156 4663 reducendoque.

241 4687 269 4753 2)
289 4685 374 4741 Nulla
395 4684 504 4740 codicis
525 4683 662 4738 lectionis
681 4683 794 4738 ratione
816 4682 917 4738 habita
936 4681 1275 4739 deletWeissenbornius
1288 4696 1354 4751 par·

168 4774 287 4830 ticulum
306 4789 350 4844 ae,
370 4788 454 4844 quam
473 4773 604 4828 restituit
622 4772 740 4827 Harant.
