3052 5130
606 198 866 299 ¹..ae-

707 403 726 481 §
749 404 798 467 21.

255 534 371 600 Contra
394 534 420 597 si
444 552 613 616 perpauca,
637 553 718 618 quae
730 541 856 601 exstant
876 542 907 601 et
928 537 1074 620 dispersa
1094 539 1242 624 exempla
1254 538 1354 604 Curtii

172 640 204 697 et
224 633 325 698 Taciti
347 652 537 718 percenseas
557 654 692 699 -nam
720 636 807 719 apud
826 636 953 702 luorum
982 640 1107 705 omnino
1129 639 1214 704 nulla
1239 639 1357 703 inveni-

170 740 263 798 untur
284 771 323 781 —
346 753 408 798 non
430 741 495 799 tam
516 734 611 800 facile
638 735 788 818 probabis
818 737 900 802 bunc
922 737 1003 803 Livii
1037 741 1259 823 proprietatem
1289 738 1356 802 imi·
1428 733 1440 749 '

171 840 254 899 tatus
276 853 347 899 esse
370 852 424 900 eos
447 854 540 925 quam
563 854 601 900 eo
622 835 790 901 adduceris
812 844 866 902 aut
892 838 950 902 has
972 837 1125 906 lectiones
1146 877 1187 886 —
1208 839 1241 902 id
1273 838 1357 921 quod

172 935 261 999 multi
283 936 368 1019 apud
390 936 492 1021 ipsum
515 935 638 1000 Livium
667 937 882 1003 demonstrare
904 937 1019 1004 frustra
1052 947 1204 1005 conantur
1223 977 1264 986 -
1286 958 1357 1005 esse

172 1043 337 1122 suspectas
370 1043 424 1101 aut
451 1036 667 1101 attribuendas
689 1037 876 1120 scriptorum
905 1037 1025 1104 levitati
1048 1019 1173 1105 cuidam
1189 1047 1227 1112 et
1249 1040 1357 1122 negle-

172 1137 309 1220 gentiae.

254 1237 367 1318 Itaque
378 1237 404 1300 si
419 1236 632 1301 Bembardius
645 1236 760 1313 verbis,
783 1256 865 1318 quae
887 1239 986 1321 attuli,
1008 1240 1117 1305 laudat
1139 1247 1264 1306 acutum
1277 1240 1358 1304 Livii

172 1338 345 1420 ingenium,
368 1356 429 1420 quo
442 1356 541 1402 novas
563 1336 724 1419 ingressus
738 1336 827 1401 estin
848 1337 999 1421 fingenda
1018 1340 1357 1424 eteomponendaora·

174 1439 259 1504 tione
281 1440 370 1518 vias,
392 1457 453 1501 non
476 1438 579 1502 minus
601 1456 707 1501 verum
731 1437 792 1502 boc
814 1438 1064 1506 existimabimus
1087 1461 1180 1523 quam
1203 1440 1287 1524 quod
1309 1461 1360 1505 eo-

172 1540 244 1604 dem
276 1538 344 1603 fere
366 1539 435 1602 loco
466 1538 559 1602 docet
579 1557 640 1602 non
674 1539 720 1601 ita
741 1538 870 1603 multum
899 1540 1038 1606 valuisse
1067 1543 1188 1607 Livium
1221 1542 1281 1606 hoc
1302 1560 1355 1606 no·

171 1639 266 1703 vandi
287 1637 391 1703 studio
413 1638 455 1702 ad
477 1637 660 1724 posterioris
684 1639 834 1723 temporis
856 1641 1037 1723 scriptores.

718 1849 738 1926 ἕ
761 1852 811 1912 22.

667 2019 854 2086 Summarium.
958 2037 960 2042 ·

252 2169 342 2234 Haec
359 2168 456 2233 habui
477 2168 517 2232 de
538 2168 599 2233 bac
621 2187 665 2253 re,
688 2189 771 2253 quae
787 2171 934 2235 dicerem.
959 2169 1027 2233 ursi
1049 2188 1111 2233 non
1134 2167 1251 2247 omnia,
1273 2184 1357 2247 quae

171 2270 203 2334 in
226 2289 323 2334 causa
344 2277 437 2351 sunt,
471 2275 652 2334 exsecutum
675 2289 725 2334 me
747 2288 818 2335 esse
839 2276 926 2354 puto,
949 2269 1008 2334 etsi
1029 2287 1176 2334 numerus
1198 2265 1356 2349 exemplo·

171 2372 238 2434 runt
251 2419 259 2450 ,
285 2369 398 2451 quibus
426 2369 564 2433 nituntur
584 2370 700 2452 singuli
723 2370 1002 2453 argumentationis
1028 2369 1105 2451 loci,
1131 2367 1225 2432 facile
1246 2366 1356 2450 augeri

170 2476 285 2554 potest,
306 2476 411 2534 tamen
434 2488 618 2552 persuasum
642 2470 718 2534 mibi
740 2470 887 2534 estnihil
911 2470 1161 2553 praetermisisse
1187 2487 1248 2550 me,
1272 2467 1356 2550 quod

173 2571 300 2636 maioris
323 2571 365 2634 sit
386 2570 534 2634 momenti
556 2570 598 2635 ad
621 2571 849 2635 enucleandam
871 2571 1098 2653 quaestionem.

254 2670 389 2735 Habetis
411 2669 507 2752 igitur
528 2690 630 2735 meum
655 2670 715 2734 bac
737 2671 776 2735 de
799 2689 833 2735 re
855 2670 1019 2734 iudicium:
1043 2669 1150 2734 Livius
1173 2668 1356 2734 baud-raro

172 2772 299 2835 liberius
322 2772 497 2854 composuit
519 2770 718 2855 participium
736 2770 913 2835 absolutum
936 2776 967 2834 et
988 2772 1152 2836 relativum
1168 2769 1356 2854 copulativis

172 2873 343 2957 particulis.
366 2872 436 2948 Qua
457 2873 489 2935 in
511 2891 545 2935 re
562 2871 805 2954 haudquaquam
818 2871 958 2935 imitatus
971 2877 1020 2936 est
1035 2872 1185 2954 Graecos,
1207 2871 1265 2935 sed
1287 2890 1356 2954 pro·

172 2974 271 3038 fectus
295 2978 344 3037 est
365 2992 385 3037 a
407 2971 549 3037 variandi
570 2973 674 3036 studio
696 2979 727 3036 et
754 2991 793 3036 ea
815 2973 1058 3055 consuetudine,
1091 2993 1153 3058 qua
1175 2992 1269 3037 unam
1291 2991 1356 3035 rem

173 3074 328 3139 distrabat
349 3073 380 3137 in
404 3073 495 3157 plura
516 3073 671 3153 membra,
704 3073 835 3137 affectus
856 3073 984 3156 insuper
1006 3074 1113 3156 aliqua
1134 3075 1167 3138 in
1188 3072 1357 3155 iungendis

172 3175 335 3240 structuris
357 3173 569 3256 neglegentia.
598 3171 749 3236 Nimirum
771 3173 869 3239 servit
889 3174 969 3241 haec
990 3176 1133 3241 iunctura
1154 3176 1186 3239 in
1208 3171 1357 3238 historico

173 3276 299 3341 dicendi
314 3295 431 3359 genere
453 3276 498 3339 rei
521 3274 572 3339 vel
595 3273 709 3338 actioni
731 3272 911 3354 insignitius
932 3276 1185 3358 distinguendae,
1210 3275 1357 3358 designat

173 3377 305 3441 aetionis
339 3394 421 3457 quae
448 3375 611 3458 praecedit
632 3372 799 3452 effectum,
821 3391 887 3437 rem
909 3374 1000 3439 affert
1021 3395 1136 3440 novam
1157 3375 1356 3458 inexspecta-

79 3503 80 3507 ’
172 3484 315 3563 tamque,
349 3476 438 3541 addit
458 3476 525 3554 rei,
560 3477 601 3542 de
623 3492 687 3558 qua
707 3474 883 3556 generatim
910 3476 1102 3558 disputatum
1131 3482 1198 3555 est,
1231 3474 1357 3557 singula

173 3578 339 3661 quaedam,
361 3576 441 3641 ditat
462 3597 639 3643 sermonem
661 3579 796 3664 patrium
819 3597 902 3643 nova
924 3583 956 3643 et
968 3595 1049 3658 quae
1061 3576 1266 3640 substituatur
1284 3594 1355 3658 par-

172 3678 281 3763 ticipio
312 3677 444 3744 relativo
476 3677 592 3743 Graeci
626 3680 734 3744 aoristi
763 3680 1009 3761 constructione3
1047 3678 1079 3740 in
1112 3694 1230 3759 genere
1251 3680 1356 3739 autem

173 3779 298 3844 dicendi
331 3779 466 3844 oratorio
499 3778 671 3863 separatim
703 3779 893 3863 proferendo
913 3778 1040 3861 singula
1061 3777 1202 3842 membru
1231 3779 1356 3840 conten·

173 3881 274 3944 tiones
296 3886 459 3962 augentur.
501 3879 589 3944 ldem
612 3879 739 3958 Livius,
775 3881 892 3963 quippe
914 3878 967 3961 qui
990 3879 1031 3942 sit
1052 3876 1216 3961 multiplex
1237 3874 1356 3938 varius·

174 3998 234 4063 que
256 3981 315 4044 boo
336 3980 368 4043 in
390 3999 457 4064 usu,
481 3999 561 4045 unus
583 3980 753 4063 perpolivit
775 3999 845 4044 eum
869 3985 900 4044 et
910 3980 1062 4045 incertum
1085 3978 1276 4058 dubiumque
1297 3975 1356 4039 cir-

96 4170 100 4178 ,
174 4080 413 4164 cumscripsisse
430 4081 553 4147 videtur
573 4079 667 4146 certis
688 4080 813 4145 finibus.
838 4118 876 4127 -
