<?xml version="1.0" encoding="UTF-8"?>
<!DOCTYPE html PUBLIC "-//W3C//DTD XHTML 1.0 Transitional//EN"
    "http://www.w3.org/TR/xhtml1/DTD/xhtml1-transitional.dtd">
<html xmlns="http://www.w3.org/1999/xhtml" xml:lang="en" lang="en">
 <head>
  <title>
</title>
<meta http-equiv="Content-Type" content="text/html;charset=utf-8" />
  <meta name='ocr-system' content='tesseract 3.04.00' />
  <meta name='ocr-capabilities' content='ocr_page ocr_carea ocr_par ocr_line ocrx_word'/>
</head>
<body>
  <div class='ocr_page' id='page_1' title='image "./departicipiorum00kbgoog_0044.png"; bbox 0 0 3052 5130; ppageno 0'>
   <div class='ocr_carea' id='block_1_1' title="bbox 656 603 862 664">
    <p class='ocr_par' dir='ltr' id='par_1_1' title="bbox 656 603 862 664">
     <span class='ocr_line' id='line_1_1' title="bbox 656 603 862 664; baseline -0.01 -16"><span class='ocrx_word' id='word_1_1' title='bbox 656 603 862 664; x_wconf 66' lang='lat'>„37-</span> 
     </span>
    </p>
   </div>
   <div class='ocr_carea' id='block_1_2' title="bbox 252 761 1458 867">
    <p class='ocr_par' dir='ltr' id='par_1_2' title="bbox 252 761 1458 867">
     <span class='ocr_line' id='line_1_2' title="bbox 252 761 1458 867; baseline 0.003 -20"><span class='ocrx_word' id='word_1_2' title='bbox 252 784 289 854; x_wconf 88' lang='lat' dir='ltr'>In</span> <span class='ocrx_word' id='word_1_3' title='bbox 319 780 539 846; x_wconf 78' lang='lat' dir='ltr'>dissertatione</span> <span class='ocrx_word' id='word_1_4' title='bbox 570 784 675 847; x_wconf 90' lang='lat' dir='ltr'>autern</span> <span class='ocrx_word' id='word_1_5' title='bbox 707 781 746 846; x_wconf 85' lang='lat' dir='ltr'>A.</span> <span class='ocrx_word' id='word_1_6' title='bbox 768 782 923 847; x_wconf 88' lang='lat' dir='ltr'>Sommeri</span> <span class='ocrx_word' id='word_1_7' title='bbox 944 802 1018 867; x_wconf 87' lang='lat' dir='ltr'>pag.</span> <span class='ocrx_word' id='word_1_8' title='bbox 1042 789 1060 849; x_wconf 83' lang='lat'>5</span> <span class='ocrx_word' id='word_1_9' title='bbox 1082 783 1173 866; x_wconf 87' lang='lat' dir='ltr'>legas</span> <span class='ocrx_word' id='word_1_10' title='bbox 1196 784 1342 850; x_wconf 91' lang='lat' dir='ltr'>observa·</span> <span class='ocrx_word' id='word_1_11' title='bbox 1455 761 1458 766; x_wconf 32' lang='lat'><strong>¹</strong></span> 
     </span>
    </p>
   </div>
   <div class='ocr_carea' id='block_1_3' title="bbox 169 876 1348 1168">
    <p class='ocr_par' dir='ltr' id='par_1_3' title="bbox 169 876 1348 1168">
     <span class='ocr_line' id='line_1_3' title="bbox 169 876 1348 966; baseline 0.001 -17"><span class='ocrx_word' id='word_1_12' title='bbox 169 884 271 949; x_wconf 92' lang='lat' dir='ltr'>tiones</span> <span class='ocrx_word' id='word_1_13' title='bbox 291 881 444 964; x_wconf 88' lang='lat' dir='ltr'>quasdam</span> <span class='ocrx_word' id='word_1_14' title='bbox 471 876 556 946; x_wconf 91' lang='lat' dir='ltr'>haud</span> <span class='ocrx_word' id='word_1_15' title='bbox 584 881 808 966; x_wconf 89' lang='lat' dir='ltr'>improbandas</span> <span class='ocrx_word' id='word_1_16' title='bbox 830 883 1031 965; x_wconf 79' lang='lat' dir='ltr'>duratione,</span> <span class='ocrx_word' id='word_1_17' title='bbox 1065 902 1147 964; x_wconf 91' lang='lat' dir='ltr'>quae</span> <span class='ocrx_word' id='word_1_18' title='bbox 1174 884 1348 950; x_wconf 75' lang='lat' dir='ltr'>intercedat</span> 
     </span>
     <span class='ocr_line' id='line_1_4' title="bbox 170 981 1348 1068; baseline 0.001 -20"><span class='ocrx_word' id='word_1_19' title='bbox 170 985 251 1048; x_wconf 92' lang='lat' dir='ltr'>inter</span> <span class='ocrx_word' id='word_1_20' title='bbox 271 1001 360 1048; x_wconf 92' lang='lat' dir='ltr'>usum</span> <span class='ocrx_word' id='word_1_21' title='bbox 381 987 461 1064; x_wconf 91' lang='lat' dir='ltr'>part.</span> <span class='ocrx_word' id='word_1_22' title='bbox 484 983 539 1047; x_wconf 87' lang='lat' dir='ltr'>fut.</span> <span class='ocrx_word' id='word_1_23' title='bbox 563 988 623 1048; x_wconf 86' lang='lat' dir='ltr'>aot.</span> <span class='ocrx_word' id='word_1_24' title='bbox 646 981 810 1047; x_wconf 86' lang='lat' dir='ltr'>Livianum</span> <span class='ocrx_word' id='word_1_25' title='bbox 844 989 875 1048; x_wconf 88' lang='lat' dir='ltr'>et</span> <span class='ocrx_word' id='word_1_26' title='bbox 905 988 1068 1066; x_wconf 71' lang='lat' dir='ltr'>poetarum</span> <span class='ocrx_word' id='word_1_27' title='bbox 1099 984 1170 1049; x_wconf 89' lang='lat' dir='ltr'>aevi</span> <span class='ocrx_word' id='word_1_28' title='bbox 1192 986 1348 1068; x_wconf 82' lang='lat' dir='ltr'>Augustei</span> 
     </span>
     <span class='ocr_line' id='line_1_5' title="bbox 169 1083 1343 1168; baseline 0 -19"><span class='ocrx_word' id='word_1_29' title='bbox 169 1102 271 1166; x_wconf 90' lang='lat' dir='ltr'>neque</span> <span class='ocrx_word' id='word_1_30' title='bbox 293 1083 451 1166; x_wconf 81' lang='lat' dir='ltr'>vituperes</span> <span class='ocrx_word' id='word_1_31' title='bbox 474 1101 527 1165; x_wconf 83' lang='lat' dir='ltr'>ea,</span> <span class='ocrx_word' id='word_1_32' title='bbox 555 1101 637 1166; x_wconf 88' lang='lat' dir='ltr'>quae</span> <span class='ocrx_word' id='word_1_33' title='bbox 658 1084 844 1168; x_wconf 91' lang='lat' dir='ltr'>conscripsit</span> <span class='ocrx_word' id='word_1_34' title='bbox 865 1103 939 1168; x_wconf 89' lang='lat' dir='ltr'>pag.</span> <span class='ocrx_word' id='word_1_35' title='bbox 961 1087 979 1150; x_wconf 89' lang='grc'><strong>9</strong></span> <span class='ocrx_word' id='word_1_36' title='bbox 1004 1083 1043 1148; x_wconf 90' lang='lat' dir='ltr'>de</span> <span class='ocrx_word' id='word_1_37' title='bbox 1064 1084 1160 1148; x_wconf 90' lang='lat' dir='ltr'>variis</span> <span class='ocrx_word' id='word_1_38' title='bbox 1182 1089 1262 1168; x_wconf 87' lang='lat' dir='ltr'>part.</span> <span class='ocrx_word' id='word_1_39' title='bbox 1286 1084 1343 1150; x_wconf 85' lang='lat' dir='ltr'>fut.</span> 
     </span>
    </p>
   </div>
   <div class='ocr_carea' id='block_1_4' title="bbox 169 1134 1490 1268">
    <p class='ocr_par' dir='ltr' id='par_1_4' title="bbox 169 1134 1490 1268">
     <span class='ocr_line' id='line_1_6' title="bbox 169 1134 1490 1268; baseline -0.002 -18"><span class='ocrx_word' id='word_1_40' title='bbox 169 1189 230 1250; x_wconf 91' lang='lat' dir='ltr'>act.</span> <span class='ocrx_word' id='word_1_41' title='bbox 252 1185 338 1268; x_wconf 93' lang='lat' dir='ltr'>apud</span> <span class='ocrx_word' id='word_1_42' title='bbox 359 1182 418 1247; x_wconf 89' lang='lat' dir='ltr'>hos</span> <span class='ocrx_word' id='word_1_43' title='bbox 440 1189 553 1266; x_wconf 88' lang='lat' dir='ltr'>poetas</span> <span class='ocrx_word' id='word_1_44' title='bbox 575 1183 863 1265; x_wconf 87' lang='lat' dir='ltr'>significationibus.</span> <span class='ocrx_word' id='word_1_45' title='bbox 908 1184 999 1261; x_wconf 76' lang='lat' dir='ltr'>Quod</span> <span class='ocrx_word' id='word_1_46' title='bbox 1028 1190 1132 1249; x_wconf 88' lang='lat' dir='ltr'>autem</span> <span class='ocrx_word' id='word_1_47' title='bbox 1155 1204 1230 1268; x_wconf 91' lang='lat' dir='ltr'>pag.</span> <span class='ocrx_word' id='word_1_48' title='bbox 1252 1188 1271 1251; x_wconf 88' lang='lat'>8</span> <span class='ocrx_word' id='word_1_49' title='bbox 1292 1203 1346 1250; x_wconf 91' lang='lat' dir='ltr'>ne·</span> <span class='ocrx_word' id='word_1_50' title='bbox 1458 1134 1490 1229; x_wconf 22' lang='lat' dir='ltr'>s&#39;</span> 
     </span>
    </p>
   </div>
   <div class='ocr_carea' id='block_1_5' title="bbox 106 1282 1425 3972">
    <p class='ocr_par' dir='ltr' id='par_1_5' title="bbox 106 1282 1348 2072">
     <span class='ocr_line' id='line_1_7' title="bbox 168 1282 1347 1368; baseline -0.001 -18"><span class='ocrx_word' id='word_1_51' title='bbox 168 1290 225 1368; x_wconf 87' lang='lat' dir='ltr'>gat</span> <span class='ocrx_word' id='word_1_52' title='bbox 247 1283 448 1368; x_wconf 84' lang='lat' dir='ltr'>participium</span> <span class='ocrx_word' id='word_1_53' title='bbox 471 1282 524 1347; x_wconf 86' lang='lat' dir='ltr'>iut.</span> <span class='ocrx_word' id='word_1_54' title='bbox 553 1289 613 1349; x_wconf 91' lang='lat' dir='ltr'>act.</span> <span class='ocrx_word' id='word_1_55' title='bbox 645 1304 868 1366; x_wconf 80' lang='lat' dir='ltr'><strong>nonnunquam</strong></span> <span class='ocrx_word' id='word_1_56' title='bbox 898 1285 1160 1368; x_wconf 89' lang='lat' dir='ltr'>significationem</span> <span class='ocrx_word' id='word_1_57' title='bbox 1196 1284 1347 1350; x_wconf 84' lang='lat' dir='ltr'>exhibere</span> 
     </span>
     <span class='ocr_line' id='line_1_8' title="bbox 171 1384 1346 1471; baseline 0 -22"><span class='ocrx_word' id='word_1_58' title='bbox 171 1385 222 1471; x_wconf 82' lang='lat' dir='ltr'>„iu</span> <span class='ocrx_word' id='word_1_59' title='bbox 243 1402 281 1452; x_wconf 90' lang='lat' dir='ltr'>ec</span> <span class='ocrx_word' id='word_1_60' title='bbox 303 1402 384 1464; x_wconf 88' lang='lat' dir='ltr'>esse,</span> <span class='ocrx_word' id='word_1_61' title='bbox 407 1389 468 1447; x_wconf 93' lang='lat' dir='ltr'>ut.</span> <span class='ocrx_word' id='word_1_62' title='bbox 492 1430 499 1445; x_wconf 94' lang='lat'>.</span> <span class='ocrx_word' id='word_1_63' title='bbox 523 1384 549 1446; x_wconf 88' lang='lat'>.“</span> <span class='ocrx_word' id='word_1_64' title='bbox 586 1385 729 1467; x_wconf 89' lang='lat' dir='ltr'>argutius</span> <span class='ocrx_word' id='word_1_65' title='bbox 756 1384 940 1450; x_wconf 82' lang='lat' dir='ltr'>distinxisse</span> <span class='ocrx_word' id='word_1_66' title='bbox 961 1385 1084 1466; x_wconf 91' lang='lat' dir='ltr'>videtur</span> <span class='ocrx_word' id='word_1_67' title='bbox 1104 1385 1189 1448; x_wconf 92' lang='lat' dir='ltr'>mihi.</span> <span class='ocrx_word' id='word_1_68' title='bbox 1233 1385 1346 1449; x_wconf 83' lang='lat' dir='ltr'>Errare</span> 
     </span>
     <span class='ocr_line' id='line_1_9' title="bbox 106 1484 1346 1569; baseline -0.001 -19"><span class='ocrx_word' id='word_1_69' title='bbox 106 1564 109 1569; x_wconf 20' lang='lat'><em>¹</em></span> <span class='ocrx_word' id='word_1_70' title='bbox 169 1489 272 1550; x_wconf 88' lang='lat' dir='ltr'>autem</span> <span class='ocrx_word' id='word_1_71' title='bbox 295 1502 365 1549; x_wconf 92' lang='lat' dir='ltr'>eum</span> <span class='ocrx_word' id='word_1_72' title='bbox 387 1484 534 1565; x_wconf 84' lang='lat' dir='ltr'>arbitrer,</span> <span class='ocrx_word' id='word_1_73' title='bbox 571 1502 641 1549; x_wconf 88' lang='lat' dir='ltr'>oum</span> <span class='ocrx_word' id='word_1_74' title='bbox 668 1485 754 1568; x_wconf 91' lang='lat' dir='ltr'>apud</span> <span class='ocrx_word' id='word_1_75' title='bbox 775 1485 898 1549; x_wconf 90' lang='lat' dir='ltr'>Livium</span> <span class='ocrx_word' id='word_1_76' title='bbox 920 1491 951 1549; x_wconf 91' lang='grc'><strong>61</strong></span> <span class='ocrx_word' id='word_1_77' title='bbox 971 1486 1141 1569; x_wconf 77' lang='lat' dir='ltr'>scriptores</span> <span class='ocrx_word' id='word_1_78' title='bbox 1162 1485 1346 1569; x_wconf 84' lang='lat' dir='ltr'>posterioris</span> 
     </span>
     <span class='ocr_line' id='line_1_10' title="bbox 169 1584 1346 1669; baseline 0 -19"><span class='ocrx_word' id='word_1_79' title='bbox 169 1586 283 1650; x_wconf 91' lang='lat' dir='ltr'>aetatis</span> <span class='ocrx_word' id='word_1_80' title='bbox 303 1603 431 1668; x_wconf 89' lang='lat' dir='ltr'>perraro</span> <span class='ocrx_word' id='word_1_81' title='bbox 453 1584 652 1669; x_wconf 82' lang='lat' dir='ltr'>participium</span> <span class='ocrx_word' id='word_1_82' title='bbox 674 1586 729 1650; x_wconf 88' lang='lat' dir='ltr'>fut.</span> <span class='ocrx_word' id='word_1_83' title='bbox 745 1586 850 1650; x_wconf 83' lang='lat' dir='ltr'>autin</span> <span class='ocrx_word' id='word_1_84' title='bbox 871 1584 944 1649; x_wconf 90' lang='lat' dir='ltr'>iusti</span> <span class='ocrx_word' id='word_1_85' title='bbox 967 1585 1114 1650; x_wconf 90' lang='lat' dir='ltr'>adiectivi</span> <span class='ocrx_word' id='word_1_86' title='bbox 1128 1586 1179 1651; x_wconf 93' lang='lat' dir='ltr'>vel</span> <span class='ocrx_word' id='word_1_87' title='bbox 1202 1585 1346 1650; x_wconf 90' lang='lat' dir='ltr'>substan-</span> 
     </span>
     <span class='ocr_line' id='line_1_11' title="bbox 167 1684 1348 1770; baseline -0.001 -18"><span class='ocrx_word' id='word_1_88' title='bbox 167 1685 224 1752; x_wconf 84' lang='lat' dir='ltr'>tivi</span> <span class='ocrx_word' id='word_1_89' title='bbox 244 1686 308 1752; x_wconf 91' lang='lat' dir='ltr'>vim</span> <span class='ocrx_word' id='word_1_90' title='bbox 330 1685 418 1749; x_wconf 89' lang='lat' dir='ltr'>abire</span> <span class='ocrx_word' id='word_1_91' title='bbox 439 1685 524 1750; x_wconf 90' lang='lat' dir='ltr'>dicat</span> <span class='ocrx_word' id='word_1_92' title='bbox 544 1692 660 1770; x_wconf 69' lang='lat' dir='ltr'>pago</span> <span class='ocrx_word' id='word_1_93' title='bbox 695 1690 726 1750; x_wconf 95' lang='lat' dir='ltr'>et</span> <span class='ocrx_word' id='word_1_94' title='bbox 748 1688 797 1750; x_wconf 85' lang='grc'><strong>14.</strong></span> <span class='ocrx_word' id='word_1_95' title='bbox 839 1684 922 1750; x_wconf 88' lang='lat' dir='ltr'>Nam</span> <span class='ocrx_word' id='word_1_96' title='bbox 956 1684 1016 1749; x_wconf 89' lang='lat' dir='ltr'>hac</span> <span class='ocrx_word' id='word_1_97' title='bbox 1050 1686 1089 1749; x_wconf 91' lang='lat' dir='ltr'>de</span> <span class='ocrx_word' id='word_1_98' title='bbox 1118 1685 1348 1768; x_wconf 90' lang='lat' dir='ltr'>significatione</span> 
     </span>
     <span class='ocr_line' id='line_1_12' title="bbox 169 1784 1346 1869; baseline -0.003 -16"><span class='ocrx_word' id='word_1_99' title='bbox 169 1787 325 1867; x_wconf 82' lang='lat' dir='ltr'>conferas,</span> <span class='ocrx_word' id='word_1_100' title='bbox 346 1804 428 1867; x_wconf 90' lang='lat' dir='ltr'>quae</span> <span class='ocrx_word' id='word_1_101' title='bbox 444 1784 598 1850; x_wconf 88' lang='lat' dir='ltr'>Riemann</span> <span class='ocrx_word' id='word_1_102' title='bbox 620 1786 638 1868; x_wconf 63' lang='grc' dir='ltr'>ξ</span> <span class='ocrx_word' id='word_1_103' title='bbox 664 1790 701 1853; x_wconf 89' lang='grc'>19</span> <span class='ocrx_word' id='word_1_104' title='bbox 723 1805 798 1869; x_wconf 86' lang='lat' dir='ltr'>pag.</span> <span class='ocrx_word' id='word_1_105' title='bbox 823 1788 863 1853; x_wconf 83' lang='lat'>90</span> <span class='ocrx_word' id='word_1_106' title='bbox 882 1785 1069 1868; x_wconf 88' lang='lat' dir='ltr'>conquisivit</span> <span class='ocrx_word' id='word_1_107' title='bbox 1091 1787 1257 1869; x_wconf 87' lang='lat' dir='ltr'>exempla,</span> <span class='ocrx_word' id='word_1_108' title='bbox 1281 1787 1346 1869; x_wconf 90' lang='lat' dir='ltr'>qui-</span> 
     </span>
     <span class='ocr_line' id='line_1_13' title="bbox 169 1885 1346 1970; baseline 0.003 -17"><span class='ocrx_word' id='word_1_109' title='bbox 169 1889 228 1953; x_wconf 91' lang='lat' dir='ltr'>bus</span> <span class='ocrx_word' id='word_1_110' title='bbox 251 1885 385 1951; x_wconf 85' lang='lat' dir='ltr'>adiciam</span> <span class='ocrx_word' id='word_1_111' title='bbox 409 1903 427 1949; x_wconf 94' lang='grc'><strong>6</strong></span> <span class='ocrx_word' id='word_1_112' title='bbox 449 1885 556 1951; x_wconf 82' lang='lat' dir='ltr'>Curtio</span> <span class='ocrx_word' id='word_1_113' title='bbox 572 1891 723 1970; x_wconf 85' lang='lat' dir='ltr'>excerpta</span> <span class='ocrx_word' id='word_1_114' title='bbox 744 1888 773 1966; x_wconf 86' lang='lat'>6,</span> <span class='ocrx_word' id='word_1_115' title='bbox 797 1888 845 1967; x_wconf 83' lang='lat'>10,</span> <span class='ocrx_word' id='word_1_116' title='bbox 869 1890 922 1964; x_wconf 80' lang='lat'>103</span> <span class='ocrx_word' id='word_1_117' title='bbox 947 1889 1103 1967; x_wconf 79' lang='lat' dir='ltr'>7,1,3o;</span> <span class='ocrx_word' id='word_1_118' title='bbox 1127 1889 1155 1967; x_wconf 84' lang='lat'>9,</span> <span class='ocrx_word' id='word_1_119' title='bbox 1181 1889 1209 1969; x_wconf 87' lang='grc'>3,</span> <span class='ocrx_word' id='word_1_120' title='bbox 1233 1887 1268 1967; x_wconf 74' lang='grc'><strong>6,</strong></span> <span class='ocrx_word' id='word_1_121' title='bbox 1299 1893 1346 1967; x_wconf 81' lang='lat' dir='ltr'>to,</span> 
     </span>
     <span class='ocr_line' id='line_1_14' title="bbox 137 1985 821 2072; baseline -0.01 -16"><span class='ocrx_word' id='word_1_122' title='bbox 137 1990 138 1995; x_wconf 72' lang='grc'>’</span> <span class='ocrx_word' id='word_1_123' title='bbox 171 1996 199 2072; x_wconf 90' lang='grc'>1,</span> <span class='ocrx_word' id='word_1_124' title='bbox 221 1992 276 2067; x_wconf 76' lang='grc'><strong>37,</strong></span> <span class='ocrx_word' id='word_1_125' title='bbox 298 2005 316 2053; x_wconf 88' lang='grc'><strong>6</strong></span> <span class='ocrx_word' id='word_1_126' title='bbox 338 1985 433 2050; x_wconf 81' lang='lat' dir='ltr'>Floro</span> <span class='ocrx_word' id='word_1_127' title='bbox 457 1987 486 2066; x_wconf 85' lang='lat'>1,</span> <span class='ocrx_word' id='word_1_128' title='bbox 510 1989 549 2051; x_wconf 82' lang='lat'>33</span> <span class='ocrx_word' id='word_1_129' title='bbox 570 2005 644 2070; x_wconf 86' lang='lat' dir='ltr'>pag.</span> <span class='ocrx_word' id='word_1_130' title='bbox 668 1992 706 2052; x_wconf 79' lang='lat'>55</span> <span class='ocrx_word' id='word_1_131' title='bbox 727 1985 821 2051; x_wconf 85' lang='lat' dir='ltr'>Jahn.</span> 
     </span>
    </p>

    <p class='ocr_par' dir='ltr' id='par_1_6' title="bbox 170 2084 1348 2372">
     <span class='ocr_line' id='line_1_15' title="bbox 253 2084 1348 2169; baseline -0.002 -17"><span class='ocrx_word' id='word_1_132' title='bbox 253 2088 301 2152; x_wconf 90' lang='lat' dir='ltr'>Dc</span> <span class='ocrx_word' id='word_1_133' title='bbox 334 2086 405 2169; x_wconf 91' lang='lat' dir='ltr'>ipso</span> <span class='ocrx_word' id='word_1_134' title='bbox 433 2089 537 2149; x_wconf 92' lang='lat' dir='ltr'>autem</span> <span class='ocrx_word' id='word_1_135' title='bbox 559 2104 617 2150; x_wconf 91' lang='lat' dir='ltr'>usu</span> <span class='ocrx_word' id='word_1_136' title='bbox 638 2086 771 2169; x_wconf 84' lang='lat' dir='ltr'>Liuiano</span> <span class='ocrx_word' id='word_1_137' title='bbox 798 2085 935 2153; x_wconf 87' lang='lat' dir='ltr'>breviter</span> <span class='ocrx_word' id='word_1_138' title='bbox 966 2084 1148 2150; x_wconf 81' lang='lat' dir='ltr'>disserit&#39;O.</span> <span class='ocrx_word' id='word_1_139' title='bbox 1173 2085 1209 2148; x_wconf 83' lang='grc' dir='ltr'>Ε.</span> <span class='ocrx_word' id='word_1_140' title='bbox 1231 2085 1348 2150; x_wconf 86' lang='lat' dir='ltr'>Gucth-</span> 
     </span>
     <span class='ocr_line' id='line_1_16' title="bbox 170 2184 1348 2272; baseline -0.001 -19"><span class='ocrx_word' id='word_1_141' title='bbox 170 2188 286 2272; x_wconf 88' lang='lat' dir='ltr'>lingius</span> <span class='ocrx_word' id='word_1_142' title='bbox 309 2194 340 2252; x_wconf 93' lang='lat' dir='ltr'>et</span> <span class='ocrx_word' id='word_1_143' title='bbox 362 2184 465 2267; x_wconf 92' lang='lat' dir='ltr'>magis</span> <span class='ocrx_word' id='word_1_144' title='bbox 486 2204 552 2250; x_wconf 91' lang='lat' dir='ltr'>rem</span> <span class='ocrx_word' id='word_1_145' title='bbox 574 2186 684 2251; x_wconf 90' lang='lat' dir='ltr'>leviter</span> <span class='ocrx_word' id='word_1_146' title='bbox 706 2191 840 2270; x_wconf 89' lang='lat' dir='ltr'>tangens</span> <span class='ocrx_word' id='word_1_147' title='bbox 854 2205 948 2268; x_wconf 91' lang='lat' dir='ltr'>quam</span> <span class='ocrx_word' id='word_1_148' title='bbox 961 2185 1139 2269; x_wconf 84' lang='lat' dir='ltr'>transigens</span> <span class='ocrx_word' id='word_1_149' title='bbox 1162 2185 1269 2250; x_wconf 90' lang='lat' dir='ltr'>omnia</span> <span class='ocrx_word' id='word_1_150' title='bbox 1290 2205 1348 2252; x_wconf 90' lang='lat' dir='ltr'>sua</span> 
     </span>
     <span class='ocr_line' id='line_1_17' title="bbox 170 2284 852 2372; baseline -0.012 -17"><span class='ocrx_word' id='word_1_151' title='bbox 170 2288 354 2372; x_wconf 86' lang='lat' dir='ltr'>complexus</span> <span class='ocrx_word' id='word_1_152' title='bbox 377 2284 476 2350; x_wconf 91' lang='lat' dir='ltr'>estin</span> <span class='ocrx_word' id='word_1_153' title='bbox 497 2286 554 2351; x_wconf 91' lang='lat' dir='ltr'>has</span> <span class='ocrx_word' id='word_1_154' title='bbox 577 2287 643 2352; x_wconf 88' lang='lat' dir='ltr'>fere</span> <span class='ocrx_word' id='word_1_155' title='bbox 665 2287 852 2351; x_wconf 88' lang='lat' dir='ltr'>sententias:</span> 
     </span>
    </p>

    <p class='ocr_par' dir='ltr' id='par_1_7' title="bbox 170 2386 1349 2670">
     <span class='ocr_line' id='line_1_18' title="bbox 255 2386 1349 2472; baseline 0.004 -20"><span class='ocrx_word' id='word_1_156' title='bbox 255 2387 464 2472; x_wconf 87' lang='lat' dir='ltr'>„Graecorum</span> <span class='ocrx_word' id='word_1_157' title='bbox 498 2405 616 2453; x_wconf 91' lang='lat' dir='ltr'>morem</span> <span class='ocrx_word' id='word_1_158' title='bbox 654 2386 973 2468; x_wconf 84' lang='lat' dir='ltr'>consuetudinemque</span> <span class='ocrx_word' id='word_1_159' title='bbox 1000 2390 1126 2454; x_wconf 89' lang='lat' dir='ltr'>secutus</span> <span class='ocrx_word' id='word_1_160' title='bbox 1152 2388 1260 2454; x_wconf 89' lang='lat' dir='ltr'>Livius</span> <span class='ocrx_word' id='word_1_161' title='bbox 1289 2390 1349 2456; x_wconf 90' lang='lat' dir='ltr'>hcc</span> 
     </span>
     <span class='ocr_line' id='line_1_19' title="bbox 170 2477 1348 2575; baseline 0.002 -21"><span class='ocrx_word' id='word_1_162' title='bbox 170 2489 336 2573; x_wconf 89' lang='lat' dir='ltr'>participio</span> <span class='ocrx_word' id='word_1_163' title='bbox 357 2488 402 2552; x_wconf 87' lang='lat' dir='ltr'>ita</span> <span class='ocrx_word' id='word_1_164' title='bbox 421 2505 496 2552; x_wconf 88' lang='lat' dir='ltr'>usus</span> <span class='ocrx_word' id='word_1_165' title='bbox 518 2495 584 2570; x_wconf 88' lang='lat' dir='ltr'>est,</span> <span class='ocrx_word' id='word_1_166' title='bbox 616 2477 880 2570; x_wconf 68' lang='lat' dir='ltr'>ut&#39;significaret,</span> <span class='ocrx_word' id='word_1_167' title='bbox 902 2489 1054 2573; x_wconf 19' lang='lat' dir='ltr'>quotquis</span> <span class='ocrx_word' id='word_1_168' title='bbox 1074 2489 1205 2555; x_wconf 90' lang='lat' dir='ltr'>consilio</span> <span class='ocrx_word' id='word_1_169' title='bbox 1228 2491 1348 2575; x_wconf 90' lang='lat' dir='ltr'>aliquid</span> 
     </span>
     <span class='ocr_line' id='line_1_20' title="bbox 170 2589 573 2670; baseline -0.005 -17"><span class='ocrx_word' id='word_1_170' title='bbox 170 2589 290 2656; x_wconf 83' lang='lat' dir='ltr'>faceret</span> <span class='ocrx_word' id='word_1_171' title='bbox 313 2605 437 2670; x_wconf 90' lang='lat' dir='ltr'>quaque</span> <span class='ocrx_word' id='word_1_172' title='bbox 459 2593 573 2653; x_wconf 91' lang='lat' dir='ltr'>mente.</span> 
     </span>
    </p>

    <p class='ocr_par' dir='ltr' id='par_1_8' title="bbox 251 2684 1347 2772">
     <span class='ocr_line' id='line_1_21' title="bbox 251 2684 1347 2772; baseline 0.004 -19"><span class='ocrx_word' id='word_1_173' title='bbox 251 2688 372 2753; x_wconf 81' lang='lat' dir='ltr'>Eodem</span> <span class='ocrx_word' id='word_1_174' title='bbox 394 2687 560 2771; x_wconf 88' lang='lat' dir='ltr'>participio</span> <span class='ocrx_word' id='word_1_175' title='bbox 570 2686 678 2751; x_wconf 90' lang='lat' dir='ltr'>Livius</span> <span class='ocrx_word' id='word_1_176' title='bbox 700 2686 732 2750; x_wconf 90' lang='lat' dir='ltr'>id</span> <span class='ocrx_word' id='word_1_177' title='bbox 754 2684 884 2751; x_wconf 88' lang='lat' dir='ltr'>definire</span> <span class='ocrx_word' id='word_1_178' title='bbox 905 2685 1016 2750; x_wconf 89' lang='lat' dir='ltr'>solitus</span> <span class='ocrx_word' id='word_1_179' title='bbox 1040 2692 1099 2767; x_wconf 79' lang='lat' dir='ltr'>est,</span> <span class='ocrx_word' id='word_1_180' title='bbox 1121 2689 1162 2754; x_wconf 91' lang='lat' dir='ltr'>ad</span> <span class='ocrx_word' id='word_1_181' title='bbox 1184 2690 1268 2772; x_wconf 90' lang='lat' dir='ltr'>quod</span> <span class='ocrx_word' id='word_1_182' title='bbox 1291 2693 1347 2757; x_wconf 93' lang='lat' dir='ltr'>ali-</span> 
     </span>
    </p>

    <p class='ocr_par' dir='ltr' id='par_1_9' title="bbox 119 2785 1425 3071">
     <span class='ocr_line' id='line_1_22' title="bbox 156 2785 821 2872; baseline -0.011 -17"><span class='ocrx_word' id='word_1_183' title='bbox 156 2789 241 2872; x_wconf 70' lang='lat' dir='ltr'>,quis</span> <span class='ocrx_word' id='word_1_184' title='bbox 261 2792 353 2852; x_wconf 90' lang='lat' dir='ltr'>natus</span> <span class='ocrx_word' id='word_1_185' title='bbox 376 2793 430 2853; x_wconf 87' lang='lat' dir='ltr'>aut</span> <span class='ocrx_word' id='word_1_186' title='bbox 450 2787 568 2870; x_wconf 90' lang='lat' dir='ltr'>aliquid</span> <span class='ocrx_word' id='word_1_187' title='bbox 589 2785 706 2850; x_wconf 86' lang='lat' dir='ltr'>facturn</span> <span class='ocrx_word' id='word_1_188' title='bbox 727 2792 821 2851; x_wconf 91' lang='lat' dir='ltr'>esset.</span> 
     </span>
     <span class='ocr_line' id='line_1_23' title="bbox 119 2886 1425 2973; baseline 0.005 -22"><span class='ocrx_word' id='word_1_189' title='bbox 119 2893 123 2902; x_wconf 82' lang='grc'><em>“</em></span> <span class='ocrx_word' id='word_1_190' title='bbox 250 2887 329 2953; x_wconf 93' lang='lat' dir='ltr'>Item</span> <span class='ocrx_word' id='word_1_191' title='bbox 350 2887 457 2953; x_wconf 90' lang='lat' dir='ltr'>Livius</span> <span class='ocrx_word' id='word_1_192' title='bbox 480 2889 539 2954; x_wconf 88' lang='lat' dir='ltr'>hoc</span> <span class='ocrx_word' id='word_1_193' title='bbox 563 2886 730 2972; x_wconf 91' lang='lat' dir='ltr'>participio</span> <span class='ocrx_word' id='word_1_194' title='bbox 752 2905 826 2951; x_wconf 93' lang='lat' dir='ltr'>usus</span> <span class='ocrx_word' id='word_1_195' title='bbox 855 2891 918 2970; x_wconf 82' lang='lat' dir='ltr'>est,</span> <span class='ocrx_word' id='word_1_196' title='bbox 956 2892 989 2951; x_wconf 95' lang='lat' dir='ltr'>ut</span> <span class='ocrx_word' id='word_1_197' title='bbox 1015 2886 1227 2970; x_wconf 88' lang='lat' dir='ltr'>significaret,</span> <span class='ocrx_word' id='word_1_198' title='bbox 1266 2910 1348 2973; x_wconf 90' lang='lat' dir='ltr'>quae</span> <span class='ocrx_word' id='word_1_199' title='bbox 1423 2940 1425 2947; x_wconf 84' lang='lat'>.</span> 
     </span>
     <span class='ocr_line' id='line_1_24' title="bbox 171 2976 1424 3071; baseline -0.001 -19"><span class='ocrx_word' id='word_1_200' title='bbox 171 2987 241 3070; x_wconf 91' lang='lat' dir='ltr'>quis</span> <span class='ocrx_word' id='word_1_201' title='bbox 263 2989 426 3066; x_wconf 89' lang='lat' dir='ltr'>statuisset</span> <span class='ocrx_word' id='word_1_202' title='bbox 447 2994 637 3071; x_wconf 91' lang='lat' dir='ltr'>paratusque</span> <span class='ocrx_word' id='word_1_203' title='bbox 659 2993 744 3053; x_wconf 90' lang='lat' dir='ltr'>esset</span> <span class='ocrx_word' id='word_1_204' title='bbox 765 2987 880 3053; x_wconf 87' lang='lat' dir='ltr'>facere.</span> <span class='ocrx_word' id='word_1_205' title='bbox 1422 2976 1424 2982; x_wconf 65' lang='grc'><strong>’</strong></span> 
     </span>
    </p>

    <p class='ocr_par' dir='ltr' id='par_1_10' title="bbox 170 3087 1348 3353">
     <span class='ocr_line' id='line_1_25' title="bbox 253 3087 1348 3173; baseline 0.001 -20"><span class='ocrx_word' id='word_1_206' title='bbox 253 3088 396 3172; x_wconf 89' lang='lat' dir='ltr'>Denique</span> <span class='ocrx_word' id='word_1_207' title='bbox 417 3089 541 3153; x_wconf 89' lang='lat' dir='ltr'>videtur</span> <span class='ocrx_word' id='word_1_208' title='bbox 556 3088 861 3154; x_wconf 88' lang='lat' dir='ltr'>commemorandum</span> <span class='ocrx_word' id='word_1_209' title='bbox 883 3105 963 3168; x_wconf 87' lang='lat' dir='ltr'>esse,</span> <span class='ocrx_word' id='word_1_210' title='bbox 985 3087 1272 3172; x_wconf 88' lang='lat' dir='ltr'>malcpraeoipere‚</span> <span class='ocrx_word' id='word_1_211' title='bbox 1296 3092 1348 3173; x_wconf 95' lang='lat' dir='ltr'>qui</span> 
     </span>
     <span class='ocr_line' id='line_1_26' title="bbox 170 3187 1348 3273; baseline 0.005 -23"><span class='ocrx_word' id='word_1_212' title='bbox 170 3188 380 3273; x_wconf 85' lang='lat' dir='ltr'>praecipiant,</span> <span class='ocrx_word' id='word_1_213' title='bbox 412 3208 452 3253; x_wconf 92' lang='lat' dir='ltr'>ne</span> <span class='ocrx_word' id='word_1_214' title='bbox 486 3190 545 3254; x_wconf 92' lang='lat' dir='ltr'>hoc</span> <span class='ocrx_word' id='word_1_215' title='bbox 566 3188 764 3272; x_wconf 86' lang='lat' dir='ltr'>participium</span> <span class='ocrx_word' id='word_1_216' title='bbox 798 3187 942 3252; x_wconf 88' lang='lat' dir='ltr'>absoluto</span> <span class='ocrx_word' id='word_1_217' title='bbox 976 3188 1028 3270; x_wconf 93' lang='lat' dir='ltr'>qui</span> <span class='ocrx_word' id='word_1_218' title='bbox 1050 3196 1179 3253; x_wconf 88' lang='lat' dir='ltr'>vocatur</span> <span class='ocrx_word' id='word_1_219' title='bbox 1210 3190 1348 3256; x_wconf 89' lang='lat' dir='ltr'>ablativo</span> 
     </span>
     <span class='ocr_line' id='line_1_27' title="bbox 173 3287 337 3353; baseline 0.006 -2"><span class='ocrx_word' id='word_1_220' title='bbox 173 3287 337 3353; x_wconf 81' lang='lat' dir='ltr'>scribatur.</span> 
     </span>
    </p>

    <p class='ocr_par' dir='ltr' id='par_1_11' title="bbox 171 3387 1348 3573">
     <span class='ocr_line' id='line_1_28' title="bbox 253 3387 1348 3471; baseline 0.004 -21"><span class='ocrx_word' id='word_1_221' title='bbox 253 3387 351 3451; x_wconf 90' lang='lat' dir='ltr'>Vides</span> <span class='ocrx_word' id='word_1_222' title='bbox 374 3406 428 3470; x_wconf 81' lang='lat' dir='ltr'>ea,</span> <span class='ocrx_word' id='word_1_223' title='bbox 451 3406 532 3469; x_wconf 90' lang='lat' dir='ltr'>quae</span> <span class='ocrx_word' id='word_1_224' title='bbox 555 3388 774 3471; x_wconf 83' lang='lat' dir='ltr'>Gucthlingius</span> <span class='ocrx_word' id='word_1_225' title='bbox 796 3387 979 3470; x_wconf 86' lang='lat' dir='ltr'>perstrinxit</span> <span class='ocrx_word' id='word_1_226' title='bbox 1001 3388 1103 3470; x_wconf 88' lang='lat' dir='ltr'>magis</span> <span class='ocrx_word' id='word_1_227' title='bbox 1126 3387 1232 3453; x_wconf 92' lang='lat' dir='ltr'>verbis</span> <span class='ocrx_word' id='word_1_228' title='bbox 1254 3408 1348 3471; x_wconf 92' lang='lat' dir='ltr'>quam</span> 
     </span>
     <span class='ocr_line' id='line_1_29' title="bbox 171 3487 1224 3573; baseline -0.001 -21"><span class='ocrx_word' id='word_1_229' title='bbox 171 3487 375 3573; x_wconf 86' lang='lat' dir='ltr'>pertractavit</span> <span class='ocrx_word' id='word_1_230' title='bbox 397 3494 428 3553; x_wconf 93' lang='lat' dir='ltr'>et</span> <span class='ocrx_word' id='word_1_231' title='bbox 448 3487 578 3565; x_wconf 87' lang='lat' dir='ltr'>limavit,</span> <span class='ocrx_word' id='word_1_232' title='bbox 600 3487 729 3552; x_wconf 90' lang='lat' dir='ltr'>multum</span> <span class='ocrx_word' id='word_1_233' title='bbox 752 3488 863 3570; x_wconf 82' lang='lat' dir='ltr'>augeri</span> <span class='ocrx_word' id='word_1_234' title='bbox 884 3505 980 3569; x_wconf 89' lang='lat' dir='ltr'>posse</span> <span class='ocrx_word' id='word_1_235' title='bbox 1002 3492 1034 3552; x_wconf 92' lang='lat' dir='ltr'>et</span> <span class='ocrx_word' id='word_1_236' title='bbox 1055 3488 1224 3552; x_wconf 89' lang='lat' dir='ltr'>emendari.</span> 
     </span>
    </p>

    <p class='ocr_par' dir='ltr' id='par_1_12' title="bbox 172 3586 1350 3972">
     <span class='ocr_line' id='line_1_30' title="bbox 255 3586 1349 3654; baseline 0.004 -4"><span class='ocrx_word' id='word_1_237' title='bbox 255 3586 406 3652; x_wconf 87' lang='lat' dir='ltr'>Subtilius</span> <span class='ocrx_word' id='word_1_238' title='bbox 428 3595 459 3653; x_wconf 92' lang='lat' dir='ltr'>et</span> <span class='ocrx_word' id='word_1_239' title='bbox 471 3588 665 3653; x_wconf 91' lang='lat' dir='ltr'>commodius</span> <span class='ocrx_word' id='word_1_240' title='bbox 687 3589 718 3653; x_wconf 94' lang='lat' dir='ltr'>in</span> <span class='ocrx_word' id='word_1_241' title='bbox 729 3587 893 3652; x_wconf 91' lang='lat' dir='ltr'>Riemanni</span> <span class='ocrx_word' id='word_1_242' title='bbox 916 3587 996 3651; x_wconf 92' lang='lat' dir='ltr'>libro</span> <span class='ocrx_word' id='word_1_243' title='bbox 1018 3589 1257 3653; x_wconf 86' lang='lat' dir='ltr'>constructionis</span> <span class='ocrx_word' id='word_1_244' title='bbox 1279 3608 1349 3654; x_wconf 91' lang='lat' dir='ltr'>curn</span> 
     </span>
     <span class='ocr_line' id='line_1_31' title="bbox 172 3687 1350 3772; baseline 0.002 -20"><span class='ocrx_word' id='word_1_245' title='bbox 172 3687 310 3770; x_wconf 85' lang='lat' dir='ltr'>origines</span> <span class='ocrx_word' id='word_1_246' title='bbox 333 3692 365 3751; x_wconf 95' lang='lat' dir='ltr'>et</span> <span class='ocrx_word' id='word_1_247' title='bbox 384 3689 577 3772; x_wconf 89' lang='lat' dir='ltr'>propagines</span> <span class='ocrx_word' id='word_1_248' title='bbox 599 3696 663 3754; x_wconf 91' lang='lat' dir='ltr'>tum</span> <span class='ocrx_word' id='word_1_249' title='bbox 682 3688 920 3771; x_wconf 89' lang='lat' dir='ltr'>progressiones</span> <span class='ocrx_word' id='word_1_250' title='bbox 942 3693 973 3751; x_wconf 90' lang='lat' dir='ltr'>et</span> <span class='ocrx_word' id='word_1_251' title='bbox 987 3689 1174 3753; x_wconf 90' lang='lat' dir='ltr'>mutationes</span> <span class='ocrx_word' id='word_1_252' title='bbox 1195 3695 1227 3753; x_wconf 91' lang='lat' dir='ltr'>et</span> <span class='ocrx_word' id='word_1_253' title='bbox 1244 3690 1350 3754; x_wconf 86' lang='lat' dir='ltr'>varias</span> 
     </span>
     <span class='ocr_line' id='line_1_32' title="bbox 172 3785 1350 3869; baseline 0.003 -19"><span class='ocrx_word' id='word_1_254' title='bbox 172 3785 417 3869; x_wconf 84' lang='lat' dir='ltr'>significationes</span> <span class='ocrx_word' id='word_1_255' title='bbox 439 3793 589 3853; x_wconf 87' lang='lat' dir='ltr'>tractatas</span> <span class='ocrx_word' id='word_1_256' title='bbox 611 3789 762 3854; x_wconf 88' lang='lat' dir='ltr'>invenies.</span> <span class='ocrx_word' id='word_1_257' title='bbox 805 3787 946 3853; x_wconf 86' lang='lat' dir='ltr'>Reddam</span> <span class='ocrx_word' id='word_1_258' title='bbox 975 3787 1125 3854; x_wconf 91' lang='lat' dir='ltr'>hocloco</span> <span class='ocrx_word' id='word_1_259' title='bbox 1148 3791 1350 3869; x_wconf 90' lang='lat' dir='ltr'>quemadmo-</span> 
     </span>
     <span class='ocr_line' id='line_1_33' title="bbox 172 3885 1349 3972; baseline 0.003 -22"><span class='ocrx_word' id='word_1_260' title='bbox 172 3885 246 3950; x_wconf 92' lang='lat' dir='ltr'>dum</span> <span class='ocrx_word' id='word_1_261' title='bbox 268 3887 438 3952; x_wconf 90' lang='lat' dir='ltr'>secreverit</span> <span class='ocrx_word' id='word_1_262' title='bbox 468 3887 714 3971; x_wconf 83' lang='lat' dir='ltr'>significationes</span> <span class='ocrx_word' id='word_1_263' title='bbox 746 3889 871 3954; x_wconf 90' lang='lat' dir='ltr'>omissis</span> <span class='ocrx_word' id='word_1_264' title='bbox 905 3887 1076 3972; x_wconf 82' lang='lat' dir='ltr'>exemplis,</span> <span class='ocrx_word' id='word_1_265' title='bbox 1112 3907 1194 3970; x_wconf 90' lang='lat' dir='ltr'>quae</span> <span class='ocrx_word' id='word_1_266' title='bbox 1224 3889 1349 3971; x_wconf 90' lang='lat' dir='ltr'>quidem</span> 
     </span>
    </p>
   </div>
   <div class='ocr_carea' id='block_1_6' title="bbox 173 4178 1351 4606">
    <p class='ocr_par' dir='ltr' id='par_1_13' title="bbox 173 4178 1351 4606">
     <span class='ocr_line' id='line_1_34' title="bbox 243 4178 767 4249; baseline 0.01 -15"><span class='ocrx_word' id='word_1_267' title='bbox 243 4178 302 4234; x_wconf 85' lang='lat' dir='ltr'>Sub</span> <span class='ocrx_word' id='word_1_268' title='bbox 313 4179 353 4236; x_wconf 91' lang='lat' dir='ltr'>IV</span> <span class='ocrx_word' id='word_1_269' title='bbox 372 4179 448 4235; x_wconf 82' lang='lat' dir='ltr'>salso</span> <span class='ocrx_word' id='word_1_270' title='bbox 467 4179 581 4236; x_wconf 88' lang='lat' dir='ltr'>videtur</span> <span class='ocrx_word' id='word_1_271' title='bbox 598 4179 767 4249; x_wconf 87' lang='lat' dir='ltr'>protulisse:</span> 
     </span>
     <span class='ocr_line' id='line_1_35' title="bbox 244 4266 1350 4338; baseline -0.001 -16"><span class='ocrx_word' id='word_1_272' title='bbox 244 4267 313 4323; x_wconf 86' lang='lat' dir='ltr'>Tac.</span> <span class='ocrx_word' id='word_1_273' title='bbox 333 4285 397 4324; x_wconf 86' lang='lat' dir='ltr'>ann.</span> <span class='ocrx_word' id='word_1_274' title='bbox 418 4273 441 4336; x_wconf 89' lang='lat' dir='ltr'>t,</span> <span class='ocrx_word' id='word_1_275' title='bbox 461 4271 495 4327; x_wconf 82' lang='lat'>45</span> <span class='ocrx_word' id='word_1_276' title='bbox 516 4270 728 4336; x_wconf 73' lang='lat' dir='ltr'>Gaesarmma,</span> <span class='ocrx_word' id='word_1_277' title='bbox 747 4269 878 4338; x_wconf 80' lang='lat' dir='ltr'>classem,</span> <span class='ocrx_word' id='word_1_278' title='bbox 898 4271 1012 4325; x_wconf 92' lang='lat' dir='ltr'>socios.</span> <span class='ocrx_word' id='word_1_279' title='bbox 1033 4311 1039 4324; x_wconf 94' lang='lat'>.</span> <span class='ocrx_word' id='word_1_280' title='bbox 1060 4311 1066 4323; x_wconf 94' lang='lat'>.</span> <span class='ocrx_word' id='word_1_281' title='bbox 1086 4266 1230 4323; x_wconf 87' lang='lat' dir='ltr'>dimittere</span> <span class='ocrx_word' id='word_1_282' title='bbox 1249 4266 1350 4322; x_wconf 89' lang='lat' dir='ltr'>Rheno</span> 
     </span>
     <span class='ocr_line' id='line_1_36' title="bbox 520 4357 1316 4427; baseline -0.001 -14"><span class='ocrx_word' id='word_1_283' title='bbox 520 4364 613 4427; x_wconf 86' lang='lat' dir='ltr'>parat,</span> <span class='ocrx_word' id='word_1_284' title='bbox 634 4359 658 4414; x_wconf 91' lang='lat' dir='ltr'>si</span> <span class='ocrx_word' id='word_1_285' title='bbox 677 4358 823 4427; x_wconf 91' lang='lat' dir='ltr'>imperium</span> <span class='ocrx_word' id='word_1_286' title='bbox 841 4359 1028 4426; x_wconf 81' lang='lat' dir='ltr'>detrectatur,</span> <span class='ocrx_word' id='word_1_287' title='bbox 1048 4357 1126 4414; x_wconf 87' lang='lat' dir='ltr'>bello</span> <span class='ocrx_word' id='word_1_288' title='bbox 1147 4361 1316 4412; x_wconf 86' lang='lat' dir='ltr'>certaturus.</span> 
     </span>
     <span class='ocr_line' id='line_1_37' title="bbox 243 4444 1350 4518; baseline 0 -19"><span class='ocrx_word' id='word_1_289' title='bbox 243 4444 341 4514; x_wconf 86' lang='lat' dir='ltr'>Neque</span> <span class='ocrx_word' id='word_1_290' title='bbox 361 4447 469 4503; x_wconf 87' lang='lat' dir='ltr'>rectius</span> <span class='ocrx_word' id='word_1_291' title='bbox 496 4446 638 4502; x_wconf 88' lang='lat' dir='ltr'>iudicasse</span> <span class='ocrx_word' id='word_1_292' title='bbox 657 4448 772 4503; x_wconf 87' lang='lat' dir='ltr'>videtur</span> <span class='ocrx_word' id='word_1_293' title='bbox 795 4448 825 4502; x_wconf 93' lang='lat' dir='ltr'>in</span> <span class='ocrx_word' id='word_1_294' title='bbox 843 4449 896 4514; x_wconf 87' lang='lat' dir='ltr'>iis,</span> <span class='ocrx_word' id='word_1_295' title='bbox 929 4463 1001 4518; x_wconf 88' lang='lat' dir='ltr'>quae</span> <span class='ocrx_word' id='word_1_296' title='bbox 1021 4463 1087 4516; x_wconf 88' lang='lat' dir='ltr'>pag.</span> <span class='ocrx_word' id='word_1_297' title='bbox 1106 4448 1140 4503; x_wconf 80' lang='lat'>77</span> <span class='ocrx_word' id='word_1_298' title='bbox 1166 4445 1201 4500; x_wconf 89' lang='lat' dir='ltr'>de</span> <span class='ocrx_word' id='word_1_299' title='bbox 1233 4461 1286 4500; x_wconf 90' lang='lat' dir='ltr'>usu</span> <span class='ocrx_word' id='word_1_300' title='bbox 1304 4445 1350 4500; x_wconf 89' lang='lat' dir='ltr'>Li·</span> 
     </span>
     <span class='ocr_line' id='line_1_38' title="bbox 173 4532 1351 4606; baseline 0 -20"><span class='ocrx_word' id='word_1_301' title='bbox 173 4532 257 4587; x_wconf 92' lang='lat' dir='ltr'>viano</span> <span class='ocrx_word' id='word_1_302' title='bbox 276 4535 389 4590; x_wconf 88' lang='lat' dir='ltr'>notavit</span> <span class='ocrx_word' id='word_1_303' title='bbox 407 4541 437 4590; x_wconf 91' lang='lat' dir='ltr'>ct</span> <span class='ocrx_word' id='word_1_304' title='bbox 459 4535 581 4590; x_wconf 89' lang='lat' dir='ltr'>coniecit</span> <span class='ocrx_word' id='word_1_305' title='bbox 599 4552 664 4606; x_wconf 88' lang='lat' dir='ltr'>pag.</span> <span class='ocrx_word' id='word_1_306' title='bbox 684 4538 736 4594; x_wconf 83' lang='lat'>109</span> <span class='ocrx_word' id='word_1_307' title='bbox 765 4536 800 4591; x_wconf 87' lang='lat' dir='ltr'>dc</span> <span class='ocrx_word' id='word_1_308' title='bbox 819 4536 948 4592; x_wconf 90' lang='lat' dir='ltr'>ablativo</span> <span class='ocrx_word' id='word_1_309' title='bbox 977 4535 1109 4592; x_wconf 89' lang='lat' dir='ltr'>absoluto</span> <span class='ocrx_word' id='word_1_310' title='bbox 1138 4533 1286 4603; x_wconf 89' lang='lat' dir='ltr'>participii</span> <span class='ocrx_word' id='word_1_311' title='bbox 1307 4532 1351 4586; x_wconf 89' lang='lat' dir='ltr'>fu-</span> 
     </span>
    </p>
   </div>
   <div class='ocr_carea' id='block_1_7' title="bbox 173 4620 1442 4694">
    <p class='ocr_par' dir='ltr' id='par_1_14' title="bbox 173 4620 1442 4694">
     <span class='ocr_line' id='line_1_39' title="bbox 173 4620 1442 4694; baseline 0.003 -20"><span class='ocrx_word' id='word_1_312' title='bbox 173 4620 232 4676; x_wconf 90' lang='lat' dir='ltr'>turi</span> <span class='ocrx_word' id='word_1_313' title='bbox 250 4620 347 4677; x_wconf 89' lang='lat' dir='ltr'>activi.</span> <span class='ocrx_word' id='word_1_314' title='bbox 372 4625 433 4679; x_wconf 90' lang='lat' dir='ltr'>Hac</span> <span class='ocrx_word' id='word_1_315' title='bbox 453 4625 541 4694; x_wconf 85' lang='lat' dir='ltr'>igitur</span> <span class='ocrx_word' id='word_1_316' title='bbox 559 4624 663 4678; x_wconf 86' lang='lat' dir='ltr'>Halmii</span> <span class='ocrx_word' id='word_1_317' title='bbox 681 4624 883 4693; x_wconf 84' lang='lat' dir='ltr'>disquisitione</span> <span class='ocrx_word' id='word_1_318' title='bbox 902 4640 1080 4694; x_wconf 88' lang='lat' dir='ltr'>nequaquam</span> <span class='ocrx_word' id='word_1_319' title='bbox 1099 4639 1158 4679; x_wconf 90' lang='lat' dir='ltr'>rem</span> <span class='ocrx_word' id='word_1_320' title='bbox 1177 4626 1352 4679; x_wconf 86' lang='lat' dir='ltr'>transactam</span> <span class='ocrx_word' id='word_1_321' title='bbox 1440 4647 1442 4652; x_wconf 95' lang='lat'>·</span> 
     </span>
    </p>
   </div>
   <div class='ocr_carea' id='block_1_8' title="bbox 174 4717 392 4779">
    <p class='ocr_par' dir='ltr' id='par_1_15' title="bbox 174 4717 392 4779">
     <span class='ocr_line' id='line_1_40' title="bbox 174 4717 392 4779; baseline 0.009 -15"><span class='ocrx_word' id='word_1_322' title='bbox 174 4723 239 4765; x_wconf 89' lang='lat' dir='ltr'>esse</span> <span class='ocrx_word' id='word_1_323' title='bbox 260 4717 392 4779; x_wconf 89' lang='lat' dir='ltr'>apparet.</span> 
     </span>
    </p>
   </div>
   <div class='ocr_carea' id='block_1_9' title="bbox 0 0 1535 5130">
    <p class='ocr_par' dir='ltr' id='par_1_16' title="bbox 0 0 1535 5130">
     <span class='ocr_line' id='line_1_41' title="bbox 0 0 1535 5130; baseline 0 0"><span class='ocrx_word' id='word_1_324' title='bbox 0 0 1535 5130; x_wconf 95' lang='lat' dir='ltr'> </span> 
     </span>
    </p>
   </div>
  </div>
 </body>
</html>
