3052 5130
658 210 861 273 ..44-

170 389 284 471 quaris,
308 387 396 454 dicas
417 407 519 454 rerum
541 389 725 474 scriptorem
746 389 911 472 participio
933 387 988 455 fut.
1001 392 1060 454 act
1083 406 1154 454 eum
1166 386 1346 469 designare,

169 489 221 571 qui
244 493 373 572 paratus
394 507 466 554 esse
485 489 527 554 ad
549 489 667 572 aliquid
690 489 900 555 existimatur:

169 611 237 678 Liv.
259 615 309 693 40,
333 615 362 693 8,
386 615 424 677 19
446 611 552 694 agite,
575 614 789 679 conscelerate
811 632 903 678 aures
925 617 1084 695 paternae,
1106 609 1266 676 decernite
1288 607 1345 673 cri-

447 711 592 794 minibus,
616 732 690 778 mox
712 713 796 778 ferro
817 711 980 778 decreturi.

231 812 270 877 Α.
293 810 345 876 ΙΙ.
371 810 403 875 Is
427 811 479 893 qui
502 811 534 876 in
556 832 594 879 eo
616 819 673 891 est,
694 819 728 878 ut
748 811 867 895 aliquid
889 812 995 889 faciat,
1017 809 1185 896 participio
1208 808 1261 872 fut.
1285 812 1345 873 act.

378 909 573 993 designatur.
627 914 697 978 Hoc
735 913 879 995 quamvis
916 912 1079 995 impugnet
1121 911 1158 973 A.
1191 908 1345 991 Sommcr,

378 1012 398 1076 l.
419 1030 448 1077 a.
472 1031 547 1094 pag.
570 1016 608 1090 8,
641 1018 746 1078 tamcn
774 1032 883 1079 verum
916 1031 1000 1094 esse,
1035 1011 1085 1076 his
1115 1012 1348 1076 demonstratur

378 1111 549 1196 exemplis:

168 1209 237 1276 liv.
261 1217 288 1292 6,
313 1214 361 1291 12,
383 1214 403 1278 8
424 1210 539 1292 itaque,
561 1217 595 1276 ut
615 1211 707 1277 dccet
726 1219 831 1279 certae
852 1213 921 1296 spei
943 1212 1053 1295 plcuos
1075 1216 1197 1276 etcum
1218 1207 1346 1292 impari·

422 1309 481 1374 bus
503 1330 614 1377 manus
636 1315 886 1396 conserturos1),
921 1313 994 1396 pilis
1017 1316 1089 1376 ante
1111 1309 1211 1394 pedes
1232 1308 1346 1392 positis

423 1408 549 1492 gladius
570 1417 690 1477 tantum
713 1414 841 1480 dextras
862 1431 1027 1478 armemus.

258 1513 308 1592 21,
332 1515 360 1590 1,
382 1512 401 1573 4
423 1509 509 1574 fama
531 1515 579 1576 est
601 1513 695 1577 ctiam
717 1513 927 1579 Hannibalem
948 1531 1100 1581 annorum
1122 1512 1347 1579 fermenovcm

424 1610 586 1693 pueriliter
607 1612 819 1679 blandientem
841 1615 922 1699 patri
944 1612 1131 1694 Hamilcari,
1165 1618 1200 1678 ut
1218 1614 1357 1684 ducere.

425 1714 474 1775 tur
495 1711 525 1774 iu
548 1711 750 1796 Hispaniam,
772 1733 841 1779 cum
864 1714 1002 1799 perfecto
1024 1713 1132 1778 Africo
1152 1713 1235 1778 bello
1257 1732 1346 1779 exer·

424 1809 520 1874 citum
542 1830 580 1876 eo
613 1813 798 1879 traiecturus
826 1815 1034 1896 sacrificaret,
1065 1814 1218 1880 altaribus
1239 1815 1347 1880 admo·

427 1915 492 1975 tum
514 1960 522 1976 .
546 1963 552 1977 .
576 1965 583 1979 .
605 1914 672 1978 iure
694 1915 826 1980 iurando
848 1915 995 1981 adactum
1020 1964 1027 1980 .
1051 1965 1058 1981 .
1084 1964 1092 1979 .

251 2012 301 2092 36,
319 2009 403 2088 24,9
426 2028 496 2074 cum
518 2011 649 2079 dimidia
669 2020 759 2097 parte
781 2015 912 2079 militum
933 2016 1042 2081 consul
1072 2016 1112 2079 ab
1141 2013 1218 2078 urbe
1239 2030 1346 2078 escen-

423 2128 514 2178 surus
536 2114 568 2178 in
589 2133 695 2179 arcem
717 2115 840 2200 signum
861 2116 902 2179 ab
926 2116 974 2196 iis,
998 2117 1051 2197 qui
1073 2115 1115 2180 ab
1131 2119 1221 2196 tergo
1243 2112 1276 2176 in
1297 2132 1347 2177 ru-

423 2229 496 2293 pem
518 2215 642 2278 evasuri
665 2219 763 2284 erant,
786 2215 1003 2299 exspectabat.
1285 2207 1288 2215 ’

252 2307 301 2371 lix
335 2308 373 2385 Q.
397 2307 497 2376 Ourtii
517 2312 606 2377 libris
628 2314 820 2396 conquisivi:

265 2411 294 2489 5,
316 2410 344 2487 2,
367 2412 386 2475 8
408 2409 539 2492 lamque
552 2413 635 2479 Susa
657 2415 687 2479 ei
701 2414 825 2480 adituro
838 2414 992 2494 Abulites,
1013 2413 1152 2496 regionis
1168 2414 1236 2481 cius
1255 2434 1346 2499 prac-

404 2509 504 2577 fectus
528 2564 534 2576 .
557 2562 566 2579 .
589 2563 595 2578 .
618 2513 715 2579 filium
744 2515 869 2580 obviam
899 2515 999 2592 misit,
1033 2513 1218 2580 traditurum
1240 2534 1275 2580 sc
1296 2535 1347 2580 ur·

406 2609 477 2676 bcm
499 2613 694 2696 promittens.

258 2710 289 2787 5,
304 2708 386 2787 2,16
408 2711 477 2776 Rex
499 2713 637 2778 Persidis
659 2714 752 2780 finem
784 2715 925 2779 aditurus
949 2713 1032 2779 Susa
1061 2714 1170 2778 urbem
1193 2714 1347 2780 Archelao

405 2817 437 2877 ct
456 2814 650 2898 praesidium
669 2814 716 2879 llI
738 2814 857 2880 milium
878 2813 1016 2879 tradidit.

251 2912 298 2979 (if.
322 2914 417 2979 etiam
439 2919 468 2994 7,
490 2919 519 2994 7,
542 2921 577 2996 53
600 2918 629 2997 8,
653 2921 681 2996 1,
705 2919 759 2995 143
782 2920 809 2992 8,
833 2921 862 2997 9,
884 2919 920 2996 83
943 2918 972 2996 9,
995 2919 1025 2996 3,
1048 2917 1096 2980 22.

169 3013 252 3079 Flor.
277 3020 304 3096 1,
326 3018 366 3082 37
387 3033 463 3099 pag.
487 3018 527 3081 60
547 3014 592 3079 J.:
614 3015 673 3081 scd
693 3033 771 3097 quas
803 3016 892 3081 daret
912 3021 1013 3082 terras
1034 3015 1169 3100 populus
1190 3014 1348 3079 Romanus

613 3115 746 3198 agrariis
769 3115 892 3197 legibus
915 3117 994 3182 inter
1014 3136 1049 3182 sc
1072 3114 1299 3180 dimicaturus?

721 3317 791 3395 §d

271 3449 311 3514 Β.
341 3446 511 3530 Participio
533 3445 588 3511 fut.
611 3451 672 3512 act.
694 3449 889 3532 significatur
923 3448 1059 3533 aliquem
1080 3449 1130 3514 vcl
1151 3447 1271 3530 aliquid
1291 3466 1346 3512 na·

334 3553 398 3613 tum
431 3546 685 3628 dcstinatumque
709 3567 782 3613 esse
815 3550 857 3614 ad
878 3549 996 3633 aliquid
1029 3553 1083 3614 aut
1103 3547 1347 3633 perpetrandum

332 3653 387 3713 aut
408 3645 636 3732 perferendum.
681 3647 745 3713 Sed
758 3667 829 3730 ,non
850 3655 915 3715 tam
935 3651 1028 3714 ccrtis
1050 3648 1190 3713 terminis
1217 3648 1347 3714 circum-

333 3749 451 3831 scripta
472 3752 520 3812 est
541 3746 621 3813 hacc
647 3746 855 3830 significatio:
891 3751 993 3815 variat
1025 3749 1136 3814 mirum
1168 3751 1199 3812 in
1220 3748 1347 3814 modum

335 3854 365 3912 ct
387 3847 448 3913 huc
470 3851 501 3913 et
522 3846 596 3911 illuc
617 3848 758 3914 trahitur.
799 3849 945 3914 Huncin
966 3849 1174 3916 discribendi's
1190 3848 1346 3932 exemplis

334 3947 475 4012 ordinem
498 3965 628 4030 sequar:

188 4049 228 4114 Β.
241 4048 307 4115 Ia.
331 4048 535 4133 Participium
556 4050 612 4113 fut.
640 4053 700 4112 act.
720 4067 847 4115 munerc
879 4049 1027 4114 adiectiri
1057 4048 1265 4134 praedicativi
1296 4046 1347 4111 vel

240 4309 268 4376 1)
289 4307 332 4361 Dc
350 4306 507 4377 participio
527 4306 707 4366 substantive
728 4309 824 4378 posito
843 4309 882 4368 ci.
903 4324 990 4378 supra
1007 4323 1073 4379 pag.
1093 4311 1147 4368 103
1166 4311 1196 4364 ct
1215 4309 1276 4367 101.
