3052 5130
657 183 864 246 ...26-

165 380 223 429 cae
256 367 288 428 et
318 368 512 447 quantopere
545 362 671 446 sapiant
691 362 847 428 Graccum
880 381 1070 441 sermonem,
1105 366 1350 443 reputemusque

166 464 329 528 nobiscum
357 464 443 528 locos
464 464 615 546 plurimos
646 470 811 546 excerptos
838 483 909 529 esse
937 483 978 527 ex
1006 461 1045 525 iis
1068 460 1148 526 Livii
1170 461 1282 541 libris,
1318 462 1349 523 in

167 583 246 647 qnos
268 583 286 629 e
308 563 439 628 Graecis
461 564 600 629 fontibus
623 564 706 628 baud
728 583 830 647 pauca
851 564 982 628 fluxisse
1016 569 1153 642 constat,
1189 562 1284 626 facile
1312 579 1350 626 eo

166 683 223 729 nos
244 664 374 747 perduci
407 684 502 748 posse
537 664 691 743 concedo,
726 671 759 728 ut
782 665 870 729 bivio
900 664 1065 729 imitatoris
1094 669 1214 728 tantum
1236 661 1348 726 Graeci
1450 699 1456 723 .

166 766 320 829 sermonis
343 771 448 848 partes
470 767 679 847 iniungamus.

248 886 311 951 Sed
334 887 396 953 hac
418 888 489 970 ipsa
509 889 766 970 interpretatione
790 908 851 953 non
874 893 993 953 tantum
1016 887 1095 952 lucis
1117 886 1231 967 afferri,
1252 903 1349 969 quan·

165 994 230 1051 tum
251 987 351 1072 primo
373 990 482 1053 obtutu
504 995 671 1073 exspectes
693 988 729 1070 ii,
769 989 822 1069 qui
851 989 921 1073 plus
943 989 1051 1053 vident
1073 988 1132 1051 bac
1161 987 1193 1050 in
1215 1007 1249 1051 rc
1271 985 1350 1051 iudi-

167 1089 285 1170 canda,
318 1097 527 1172 cognoscent,
558 1089 615 1153 etsi
638 1089 863 1172 aliquantulum
885 1090 1014 1173 linguae
1044 1089 1186 1154 Graecae
1205 1094 1351 1170 respectu

167 1190 289 1254 Livium
321 1190 448 1255 ductum
470 1209 542 1254 esse
569 1189 611 1253 ad
633 1190 718 1253 illam
755 1191 1017 1255 constructionem
1044 1189 1232 1254 concedent:
1268 1188 1350 1252 Nam

71 1364 74 1371 Ι
166 1291 292 1373 longius
314 1291 509 1355 incautiusve
532 1309 586 1355 eos
608 1291 767 1375 progredi,
790 1293 842 1373 qui
864 1290 1038 1355 sententias
1061 1289 1191 1354 Latinas
1213 1295 1244 1352 et
1253 1288 1351 1353 Grae-

166 1411 221 1456 cas
243 1392 274 1454 in
296 1411 419 1456 summa
440 1391 633 1473 aequalitate
648 1397 781 1474 ponant,
805 1391 868 1456 iam
891 1391 964 1455 inde
986 1391 1168 1473 intelleges,
1191 1389 1274 1472 quod
1295 1388 1351 1452 illa
1406 1451 1408 1454 ,

168 1492 390 1575 explanatione
412 1491 513 1556 forma
534 1496 654 1555 tantum
675 1492 827 1556 orationis
849 1492 997 1574 tangitur,
1019 1511 1080 1555 nnn
1102 1510 1153 1556 res
1167 1497 1198 1555 et
1216 1489 1351 1575 plurima

167 1592 316 1676 exempla
335 1592 375 1656 ad
398 1593 493 1657 aliam
510 1591 768 1674 subtilioremque
789 1598 821 1656 et
843 1613 924 1676 quae
954 1613 1016 1658 non
1039 1593 1208 1657 abhorreat
1230 1589 1271 1654 ab
1293 1588 1348 1653 lin-

165 1711 249 1776 guae
272 1693 404 1757 Latinae
426 1693 549 1759 ratione
582 1692 812 1776 expositionem
845 1695 953 1758 reduci
986 1712 1081 1777 posse
1103 1711 1201 1776 supra
1222 1691 1350 1755 demon·

166 1794 274 1858 stravi.

249 1916 342 1993 Quod
363 1921 468 1981 autem
492 1915 614 1979 Livium
636 1916 827 1981 Graecorum
850 1916 1037 1981 imitatorem
1060 1933 1131 1980 esse
1152 1914 1275 1996 volunt,
1297 1915 1350 1981 de·

166 2017 291 2098 legatos
312 2017 405 2082 velim
428 2016 470 2081 ad
492 2035 540 2098 ea,
562 2035 644 2098 quae
665 2036 761 2099 supra
784 2018 844 2081 hac
865 2017 906 2081 de
928 2036 962 2081 re
984 2015 1152 2100 disputari.
1175 2015 1260 2081 Sane
1281 2015 1351 2080 ber·

166 2117 236 2181 cnle
259 2117 365 2181 Livius
387 2118 502 2201 dignus
524 2122 586 2196 est,
618 2117 706 2181 cuius
728 2117 888 2199 ingenium
911 2117 1008 2200 pluris
1030 2118 1247 2200 aestimemus,
1284 2135 1351 2181 rec·

166 2220 291 2299 tiusque
313 2218 537 2296 iudicabimus,
573 2217 600 2282 si
623 2217 745 2280 Livium
778 2237 840 2281 non
862 2217 1048 2289 imitatorem
1081 2217 1164 2280 illius
1193 2217 1351 2300 participii

165 2318 429 2397 conformationis,
451 2318 508 2383 sed
531 2324 724 2399 novatorem,
748 2323 781 2381 ut
796 2317 941 2382 (lolliano
963 2318 1060 2383 verbo
1073 2323 1246 2400 pervagato
1270 2324 1351 2400 utar,

168 2418 408 2498 nominabimus,
435 2419 551 2505 quippe
574 2419 625 2502 qui
647 2417 875 2482 desideraverit
889 2420 920 2483 in
935 2439 1079 2484 sermone
1100 2419 1202 2503 patrio
1225 2419 1350 2503 partici-

167 2519 269 2602 pium,
292 2519 376 2599 quod
396 2521 588 2601 respondeat
618 2518 785 2601 participio
807 2519 914 2583 aoristi
938 2518 1062 2597 Graeci,
1083 2525 1114 2584 et
1142 2519 1215 2584 huic
1236 2519 1351 2584 ablati-

101 2664 104 2673 .
168 2639 241 2685 vum
263 2620 440 2684 absolutum
457 2621 576 2702 primus
598 2624 729 2684 conatus
752 2620 792 2683 sit
812 2620 1010 2684 substituere.

252 2743 341 2807 Hanc
377 2742 681 2825 argumentationem
714 2748 747 2806 ut
780 2742 1002 2807 concludamus
1038 2741 1168 2823 eiusque
1199 2742 1351 2806 ducamus

169 2862 339 2921 summam,
372 2841 494 2907 Livium
518 2842 692 2927 participiis
715 2838 868 2907 absolutis
903 2848 933 2906 et
954 2841 1096 2906 relativis
1125 2841 1254 2906 liberius
1285 2842 1350 2906 iun-

169 2943 283 3026 gendis
314 2943 444 3026 petiisse
466 2944 715 3008 asseveraverim
752 2944 783 3006 in
805 2961 922 3026 genere
946 2942 1070 3006 dicendi
1102 2943 1249 3031 historico
1281 2962 1351 3027 per-

168 3043 368 3127 spicuitatem
392 3051 423 3107 et
443 3043 658 3124 subtilitatem,
681 3043 712 3108 in
735 3044 871 3108 oratorio
894 3044 1011 3124 genere
1032 3043 1241 3124 granditatem
1256 3048 1296 3126 et,
1319 3048 1352 3108 ut
1431 3058 1434 3065 '

170 3150 237 3209 erat
258 3143 373 3208 artifex
395 3144 535 3225 dicendi,
556 3145 694 3209 voluisse
717 3144 953 3229 locupletiorem
975 3143 1108 3208 reddere
1130 3143 1264 3226 patrium
1286 3163 1351 3208 ser·

169 3264 292 3309 monem
312 3263 396 3309 nova
417 3249 581 3310 structura.
604 3282 642 3292 -

638 3520 882 3605 dapntll.

719 3689 811 3767 ξῖθ.

252 3834 456 3898 Pervenimus
478 3836 520 3899 ad
543 3841 717 3900 extremum
739 3843 866 3900 nostrae
879 3836 1149 3901 commentationis
1164 3839 1267 3918 capnt,
1291 3852 1353 3916 quo

170 3953 264 4016 quem
295 3935 397 3998 locum
432 3935 577 4016 assignes
598 3936 690 4000 Livio
723 3938 755 4000 in
790 3937 937 4001 novanda
974 3936 1243 4019 propagandaque
1280 3952 1352 3997 con·

169 4035 339 4101 structione
361 4041 392 4100 et
413 4042 567 4119 quatenus
589 4056 658 4101 eum
682 4038 780 4101 secuti
811 4037 874 4101 sint
901 4036 953 4100 alii
977 4039 1145 4122 scriptores
1167 4035 1352 4099 imitatores·

103 4207 112 4221 Ι,
172 4157 243 4219 que,
265 4138 433 4220 quaeritur.

253 4259 334 4324 Huic
354 4257 436 4341 parti
458 4276 655 4342 praeponere
677 4260 787 4342 velim,
819 4260 937 4343 quippe
969 4277 1051 4343 quae
1072 4256 1175 4341 magis
1200 4258 1355 4322 illustrent
