3052 5130
728 217 929 278 ..52-

238 417 295 462 usu
318 415 418 478 usque
440 396 482 460 ad
504 394 706 460 liberrimum.
732 394 788 473 lla,
810 412 893 474 quae
914 411 997 456 nova
1018 410 1090 456 mea
1111 396 1222 472 sponte
1236 390 1348 454 afferre
1370 409 1420 455 co-

237 501 347 578 nabar,
370 498 539 562 elementer
561 495 701 576 eosqui
722 494 792 577 plus
809 493 918 558 vident
937 495 970 557 in
991 493 1086 558 rebus
1096 491 1321 575 grammaticis,
1343 491 1420 555 iudi-

240 606 364 664 caturos
386 614 457 662 csse
479 615 584 678 spero.

700 812 866 895 Gapnt
909 808 965 873 lll.

774 977 866 1056 §b

322 1132 356 1195 Si
390 1131 421 1193 in
452 1128 540 1194 libris
563 1126 703 1191 Liuianis
736 1123 883 1207 persequi
904 1123 1047 1188 volumus
1082 1143 1170 1189 usum
1194 1127 1351 1210 participii
1374 1127 1423 1192 lu·

240 1234 300 1296 turi
323 1231 417 1295 activi
439 1228 523 1293 nude
556 1226 651 1310 positi
685 1225 785 1308 ipsius
818 1224 982 1306 vestigiis,
1015 1225 1231 1307 exemplorum
1264 1228 1424 1292 collectio-

241 1351 313 1396 nem
336 1331 490 1394 addamus
511 1345 642 1392 neccsse
665 1332 729 1406 est,
755 1325 860 1389 omnia
882 1324 1088 1406 dilucidiora,
1118 1345 1181 1390 non
1202 1327 1358 1410 ampliora
1378 1327 1424 1393 fa-

242 1432 393 1497 cientem:

561 1526 722 1608 Leguntur
742 1525 774 1588 in
797 1523 918 1588 decade
970 1525 995 1587 Ι.
1021 1526 1091 1592 :28

638 1673 653 1706 „
753 1672 767 1706 „
856 1673 871 1707 „
942 1624 1029 1688 111.:
1053 1629 1092 1691 33

641 1771 656 1806 rr
757 1771 772 1804 n
859 1772 874 1805 a
943 1723 998 1789 IV·
1022 1746 1029 1785 ἶ
1052 1729 1091 1792 25

641 1872 656 1906 u
754 1872 769 1906 rr
857 1870 872 1904 u
957 1823 995 1887 V·
1019 1844 1026 1885 ἶ
1050 1827 1098 1890 14·

326 1943 431 2007 Primo
452 1942 561 2006 obtutu
583 1939 706 2004 videbis
731 1958 840 2017 usum,
874 1939 958 2023 quod
986 1942 1121 2024 pertinet
1147 1943 1188 2007 ad
1212 1942 1425 2026 exemplorum

244 2062 424 2120 numerum,
460 2041 537 2105 satis
569 2040 628 2104 sibi
651 2046 796 2105 constare
817 2059 918 2122 neque
939 2042 1041 2105 minus
1063 2043 1189 2124 singula
1210 2043 1426 2126 percensendo

243 2144 410 2225 intelleges
431 2141 537 2207 omnia
558 2141 624 2205 fere
645 2141 805 2225 participii
826 2141 881 2204 fut.
912 2148 971 2206 act.
994 2160 1132 2223 genera,
1171 2149 1201 2207 et
1233 2142 1427 2226 simpliciora

244 2249 275 2309 et
297 2244 454 2323 liberiora,
477 2261 535 2326 pcr
556 2260 664 2306 omncs
686 2241 791 2323 operis
813 2242 907 2305 totius
937 2246 1042 2323 partes
1065 2243 1239 2324 aequaliter
1261 2243 1428 2308 distributa

245 2348 276 2409 et
298 2342 413 2407 diffusa
434 2362 515 2408 csse.
548 2342 703 2406 Idunum
726 2341 853 2404 miretur
875 2341 1040 2423 quispiam,
1063 2343 1147 2424 quod
1168 2344 1277 2410 Livius
1298 2345 1425 2430 pertici·
1496 2420 1504 2425 ,

244 2443 329 2527 pium
352 2443 405 2506 lut.
440 2451 499 2508 act.
522 2441 721 2506 substitutum
757 2442 788 2504 in
811 2441 913 2504 locum
936 2442 1085 2525 apodosis
1108 2444 1330 2509 enuntiationis
1352 2464 1425 2510 eon-

245 2543 409 2607 dicionalis
432 2549 541 2607 contra
562 2560 669 2605 verum
692 2540 784 2604 fictae
805 2541 865 2605 nisi
899 2541 931 2604 in
954 2546 1055 2624 prima
1077 2543 1197 2607 decade
1219 2563 1280 2609 non
1303 2545 1426 2610 videtur

245 2663 423 2727 usurpasse.
448 2645 594 2707 Attamen
618 2643 721 2724 ipsam
744 2642 824 2704 hanc
844 2647 1030 2706 structuram
1043 2643 1232 2725 posteriores
1255 2644 1425 2728 scriptores

246 2744 348 2808 denuo
369 2751 529 2826 receptam
552 2744 582 2805 in
605 2742 727 2806 deliciis
750 2741 939 2804 babuerunt:
973 2742 1005 2804 id
1040 2744 1124 2825 quod
1151 2745 1349 2827 comprobari
1371 2764 1425 2827 po·

245 2849 307 2908 test
328 2862 397 2908 eum
420 2849 577 2907 oratorum
597 2847 826 2927 poetarumque
849 2841 1029 2923 posterioris
1050 2845 1164 2907 aetatis
1183 2845 1338 2929 exemplis
1360 2845 1426 2926 qui·

245 2945 379 3008 busdam
401 2949 466 3007 tum
489 2942 573 3007 haud
598 2941 707 3026 paucis
722 2941 864 3005 Senecae
886 2941 1066 3025 philosophi
1088 2943 1174 3008 locis.

328 3045 365 3107 Id
387 3047 490 3107 autem
513 3063 574 3107 non
596 3041 766 3116 dubitabis,
788 3040 862 3121 quin
875 3041 982 3105 Livius
996 3043 1154 3127 participii
1175 3045 1230 3109 fut.
1253 3051 1313 3110 act.
1336 3064 1427 3109 nsum
1490 3105 1493 3109 .

245 3162 265 3207 a
286 3143 399 3224 priscis
421 3143 625 3225 scriptoribus
647 3141 827 3205 incohatum
846 3159 948 3222 neque
966 3143 1103 3220 alienum
1115 3146 1251 3208 sermoni
1269 3145 1426 3210 cotidiano

245 3245 317 3309 aevi
333 3243 486 3325 Augustei
509 3244 694 3307 auctoritate
716 3261 775 3306 sua
790 3241 1019 3307 confirmaverit
1040 3247 1134 3325 atquc
1149 3246 1345 3327 expoliverit,
1368 3247 1427 3310 etsi

244 3345 383 3408 nondum
413 3342 559 3407 omnibus
581 3344 718 3407 numeris
741 3341 914 3407 absolverit
937 3349 968 3407 et
989 3342 1195 3426 expediverit.

800 3543 872 3626 aa

329 3677 540 3743 Ceterum—
560 3677 655 3740 liccat
676 3676 815 3740 inserere
836 3675 1056 3741 adnotationes
1088 3678 1242 3758 quasdam
1270 3714 1312 3724 —
1333 3678 1429 3761 parti·

245 3777 336 3860 cipiis
359 3777 415 3841 fut.
439 3782 499 3842 act.
522 3777 599 3840 locis
622 3776 808 3858 quibusdam
839 3777 950 3841 iterum
972 3778 1148 3858 iterumque
1170 3778 1280 3862 positis
1302 3784 1334 3842 et
1356 3797 1427 3843 coa-

246 3877 381 3942 cervatis
403 3877 542 3941 Liuianis
564 3894 707 3940 necnon
729 3877 885 3941 Curtianis
909 3879 1034 3956 probari
1063 3884 1169 3962 potest
1190 3878 1221 3941 id
1244 3879 1326 3960 quod
1344 3878 1427 3942 ndu-

246 3978 341 4042 ardus
364 3976 539 4042 Wbltllinus
562 3977 593 4040 in
616 3977 881 4042 commentatione
906 3973 960 4043 ‘de
987 3987 1055 4044 arte
1078 3979 1157 4043 Livii
1187 3977 1374 4043 emendandi
1397 3984 1429 4041 et

246 4078 421 4142 elocutione
443 4075 584 4142 Liviana'
613 4076 764 4159 (Berolini
788 4079 882 4160 1864)
913 4099 987 4160 pag.
1010 4085 1049 4146 29
1073 4100 1097 4143 s.
1120 4078 1141 4141 f.
1166 4079 1272 4142 docuit
1299 4078 1428 4141 multum

246 4178 352 4242 valere
374 4177 415 4241 ad
431 4177 595 4241 Liuianum
619 4194 719 4255 genus
741 4176 867 4240 dicendi
888 4185 1044 4242 recentem
1063 4178 1225 4262 scriptoris
1247 4177 1429 4241 memoriam

248 4297 365 4360 eorum,
388 4296 471 4361 quae
493 4277 587 4342 modo
609 4276 757 4360 scripsit:
790 4277 830 4342 cf.
853 4277 920 4343 Liv.
944 4283 1001 4358 2l,
1024 4282 1073 4359 32,
1099 4283 1212 4358 1321,
1235 4281 1285 4359 32,
1308 4283 1342 4359 23
1378 4282 1428 4358 21,
