3052 5130
655 214 864 276 ..48-

172 386 240 455 Isiu.
262 390 292 467 2,
317 396 365 473 16,
387 393 423 456 11
447 389 493 455 ita
513 390 559 454 sic
580 396 719 456 armatus
740 390 922 456 inliberim
945 388 1087 470 desiluit,
1109 390 1278 474 multisque
1298 409 1350 455 66-
1426 448 1428 452 a

446 489 714 573 perincidentibus
745 493 815 557 telis
848 491 1012 556 incolumis
1039 490 1082 555 ad
1102 509 1177 556 suos
1199 491 1346 572 tranavit,

446 608 512 653 rem
546 609 642 655 ausus
676 592 746 675 plus
779 590 885 657 famae
923 591 1099 656 babituram
1133 590 1174 656 ad
1208 597 1351 675 posteros

448 707 543 771 quam
563 688 647 756 fidei.

253 811 360 878 Verba
382 829 467 893 „rem
495 859 502 876 .
527 858 534 873 .
558 863 565 878 .
588 811 785 878 babituram“
821 813 854 878 id
886 812 969 896 quod
995 811 1102 878 Livius
1137 811 1255 878 addere
1275 812 1351 894 vult,

171 912 340 977 continent.

171 1045 240 1110 Liv.
263 1049 304 1125 4,
329 1049 388 1127 17,
410 1048 430 1108 4
451 1063 517 1109 666
539 1045 771 1129 incredibilem,
802 1049 978 1114 interventu
1006 1047 1233 1129 Fidenatium,
1254 1065 1350 1112 novo-

446 1163 514 1209 rum
546 1149 700 1213 sociorum
711 1195 720 1229 ,
760 1147 985 1212 consulentium
1018 1149 1059 1213 de
1092 1149 1191 1212 caede
1222 1152 1352 1232 ruptura

447 1245 496 1309 ius
529 1247 690 1327 gentium,
722 1266 785 1311 non
814 1267 960 1313 aversam
990 1247 1030 1312 ab
1062 1248 1233 1313 intentione
1265 1249 1351 1313 lusus

447 1344 594 1429 animum,
615 1366 674 1412 666
696 1347 811 1412 deinde
833 1349 865 1412 in
888 1367 1022 1414 errorem
1045 1367 1169 1413 versum
1191 1347 1321 1414 facinus.

254 1462 313 1529 His
334 1461 503 1528 adicienda
524 1469 596 1528 sunt
618 1484 659 1531 ex
671 1465 761 1531 Livio
783 1470 811 1547 9,
834 1473 863 1549 5,
887 1469 941 1548 113
963 1472 1012 1547 26,
1035 1469 1085 1548 25,
1104 1468 1123 1532 3
1134 1493 1146 1546 ς
1168 1469 1217 1546 64,
1241 1469 1270 1547 6,
1296 1468 1350 1548 16,

448 1568 498 1647 34,
521 1568 570 1648 36,
594 1571 624 1632 7.

266 1690 314 1767 10,
337 1691 366 1765 7,
391 1692 427 1752 11
450 1685 578 1751 Nullum
600 1687 789 1771 profundum
812 1707 920 1769 mare,
951 1688 1069 1753 nullum
1092 1692 1215 1753 uastum
1237 1687 1349 1752 fretum

455 1793 486 1850 et
507 1787 716 1871 procellosum
734 1794 838 1854 tantos
860 1789 920 1854 oiet
940 1788 1070 1870 fluct-us,
1094 1793 1226 1872 quantos
1249 1789 1350 1853 multi-

446 1884 522 1950 tudo
550 1893 651 1953 motus
673 1888 787 1970 habet,
809 1891 917 1971 utique
938 1889 965 1954 si
987 1908 1070 1954 nova
1091 1894 1123 1952 et
1144 1889 1232 1954 brevi
1254 1889 1347 1954 dura-

448 1990 517 2050 tura
537 1986 683 2053 libertate
704 1988 849 2053 luxuriat.

171 2105 253 2171 Flor.
277 2113 304 2189 t,
327 2110 366 2173 46
391 2125 466 2190 pag.
491 2112 530 2174 76
552 2108 582 2174 J.
605 2117 660 2176 aut
681 2110 867 2193 magnificus
889 2116 1060 2195 apparatus
1082 2109 1295 2176 conviviorum
1318 2115 1350 2174 et

446 2215 631 2293 sumptuosa
668 2212 794 2295 largitio
837 2231 900 2278 non
928 2211 968 2276 ab
1013 2210 1174 2294 opulentia
1207 2209 1348 2294 paritura

446 2328 520 2374 mox
542 2312 739 2393 egestatem?

190 2426 229 2491 Β.
245 2424 317 2491 IlI.
341 2426 461 2503 Quibus
486 2451 556 2497 eum
578 2414 745 2517 exemplis,
764 2452 834 2497 oum
856 2432 941 2497 baud
963 2433 1071 2516 procul
1094 2432 1284 2498 abhorreant
1305 2430 1346 2493 ab

335 2546 385 2610 ea,
407 2529 447 2596 de
469 2534 647 2615 quamodo
668 2533 836 2616 disputavi,
858 2531 1097 2615 significatione,
1120 2550 1159 2596 ea
1180 2528 1346 2612 participia

335 2626 382 2691 fut
414 2638 474 2698 661.
496 2634 715 2717 coniungenda
736 2638 830 2710 sunt,
858 2652 939 2715 quae
961 2635 1128 2698 substituta
1148 2629 1346 2696 inveniuntur

333 2732 366 2796 in
386 2731 488 2797 locum
520 2734 671 2798 enuntiati
704 2733 882 2798 secundarii
904 2733 954 2797 vel
976 2734 1112 2799 causalis
1140 2731 1191 2797 vel
1212 2727 1346 2806 relativi,

334 2833 423 2898 cuiun
456 2840 672 2916 argumentum
694 2834 779 2898 cadit
806 2834 837 2896 in
858 2836 1046 2900 sententiam
1079 2835 1163 2914 eius,
1199 2829 1252 2914 qui
1274 2829 1346 2894 sub-

334 2933 415 3000 iecto
437 2933 589 2999 enuntiati
616 2934 756 3016 primarii
778 2934 953 3011 denotatur.

168 3069 236 3138 Liv.
260 3074 289 3150 3,
318 3076 367 3154 19,
389 3076 407 3138 3
430 3072 575 3154 perculsa
596 3080 665 3138 erat
685 3073 795 3157 plebes
817 3071 977 3136 consulem
999 3071 1146 3137 habitura
1158 3071 1213 3156 (da
1235 3072 1346 3136 sieba-

448 3173 507 3236 ben
529 3172 651 3254 vaurde)
672 3173 796 3254 iratum,
816 3177 975 3255 potentem
997 3171 1107 3238 favore
1128 3177 1263 3265 patrum,
1285 3173 1345 3236 vir-

444 3276 510 3335 tute
531 3289 600 3355 sua,
622 3271 720 3337 tribus
742 3271 868 3352 liberis3
893 3324 899 3336 .
921 3318 928 3332 .
954 3317 961 3333 .

271 3391 312 3470 4,
334 3394 375 3467 7,
397 3392 417 3456 8
440 3392 580 3454 vicerunt
602 3396 726 3474 patres,
748 3389 822 3471 quia
844 3395 875 3453 et
897 3388 988 3473 plebs
1009 3388 1151 3472 patriciis
1180 3406 1237 3453 seu
1264 3389 1347 3454 bunc

444 3508 501 3554 seu
534 3490 619 3554 illum
652 3490 796 3554 delatura
816 3490 966 3554 bonorem
988 3489 1045 3574 (da
1066 3489 1134 3573 sie,
1167 3489 1220 3554 die
1241 3489 1346 3570 Plebs,

443 3588 525 3654 doch
541 3609 599 3654 nur
612 3591 804 3674 ubertragen
817 3590 937 3672 611666)
958 3588 1075 3655 frustra
1095 3594 1216 3654 certare
1238 3608 1346 3674 super·

445 3691 619 3757 sedit...

260 3791 298 3872 4,
319 3790 359 3854 44
371 3834 379 3867 ,
400 3789 420 3856 9
441 3792 589 3874 stetitque
611 3793 643 3855 in
665 3791 776 3857 eadem
798 3789 962 3868 sententia,
985 3807 1025 3852 66
1046 3806 1109 3871 qua
1130 3788 1256 3871 largitio
1278 3806 1345 3852 ces·

444 3910 517 3957 sura
548 3893 582 3957 in
614 3891 705 3956 trium
726 3890 861 3975 gratiam
882 3889 1074 3954 tribunorum
1097 3889 1165 3975 (die
1186 3888 1268 3955 doch
1289 3907 1346 3953 nur

444 3990 656 4075 ausschlagen
678 3991 785 4056 wdrde
806 4010 845 4054 nu
861 4041 875 4060 ,.
899 4042 905 4055 .
930 3989 953 4074 .)
974 3989 1073 4055 fieret.

270 4099 309 4174 7,
334 4097 373 4175 6,
396 4098 416 4161 8
438 4093 469 4157 in
493 4092 729 4177 exspectatione
764 4092 876 4157 civitas
911 4094 992 4169 erat,
1027 4090 1110 4173 quod
1139 4089 1259 4172 primus
1292 4088 1346 4152 ille

443 4192 485 4257 de
516 4193 610 4276 plebe
645 4193 753 4257 consul
782 4191 897 4257 bellum
925 4190 990 4256 suis
1017 4188 1168 4272 auspiciis
1200 4194 1346 4273 gesturus

446 4302 549 4376 66661,
590 4292 721 4376 perinde
750 4291 1057 4372 61666616661666,
1096 4291 1142 4355 ita
1174 4288 1345 4355 communi·
