3052 5130
651 220 856 286 ...36-

286 397 310 466 Ι.
332 402 535 485 Partioipium
563 402 618 466 fut.
651 408 712 468 aot.
739 409 906 486 usurpatur
933 403 974 468 ad
1009 401 1240 484 designandum
1263 421 1344 486 eum,

332 504 385 585 qui
408 490 528 585 aliquid
549 503 616 566 vuit
637 503 798 584 perficere.

267 602 616 686 11.Partioipiumfut.
648 609 708 667 aot.
738 609 906 688 usurpatur
931 602 973 668 ad
1002 602 1233 686 designandum
1266 621 1345 682 eum,

332 703 438 784 quiin
460 722 497 768 eo
520 707 577 782 est,
599 707 633 767 ut
655 702 775 784 aliquid
795 703 947 787 perficiat.

249 801 307 865 111.
329 801 414 867 Part.
437 802 492 870 fut.
513 808 574 868 aot.
597 801 744 885 designat
766 823 847 886 eum,
870 803 920 868 oui
942 810 1102 884 tamquam
1125 822 1145 867 a
1165 802 1231 867 fato
1253 821 1344 885 prae·

333 902 523 968 destinatum
545 908 593 969 est
604 950 613 985 ‚
638 911 672 969 ut
693 904 812 986 aliquid
833 903 940 986 faeiat,
962 903 1077 986 quique
1100 903 1170 987 ipse
1191 904 1268 969 sorti
1290 903 1345 968 ali-

333 1001 383 1068 oui
405 1002 560 1068 obnoxius
582 1007 640 1067 est.

254 1101 307 1168 IV.
330 1102 414 1167 Part.
444 1102 500 1168 fut.
534 1107 595 1168 aot.
624 1102 771 1184 designat
803 1122 890 1180 eum,
920 1103 973 1185 qui
1000 1102 1121 1184 aliquid
1149 1103 1285 1185 faoeret,
1319 1103 1346 1167 si

334 1209 421 1267 oerta
442 1203 598 1287 quaedam
620 1203 764 1268 condicio
786 1205 828 1268 ad
850 1203 994 1268 effectum
1016 1202 1153 1268 adduota
1176 1209 1270 1269 esset.

274 1301 309 1367 V.
331 1303 415 1368 Part.
437 1303 493 1368 fut.
526 1308 695 1386 usurpatur
728 1304 769 1368 ad
801 1303 1031 1386 designandum
1053 1322 1139 1385 eum,
1173 1303 1226 1386 qui
1260 1308 1347 1369 oerta

336 1403 473 1485 quadam
495 1402 677 1469 condicione
699 1403 819 1486 aliquid
841 1403 993 1487 fecisset„
1054 1397 1057 1402 ’

251 1535 315 1601 Sed
337 1537 466 1602 multum
487 1538 591 1618 abest,
624 1543 658 1602 ut
675 1537 790 1602 Helmii
813 1539 1000 1604 senteutiam
1021 1539 1061 1604 de
1087 1535 1219 1620 singulis
1242 1555 1347 1602 exem·

167 1635 228 1717 plis
250 1637 282 1700 in
305 1637 363 1702 bas
386 1645 494 1723 partes
514 1638 719 1721 disponendis
739 1658 865 1723 semper
886 1637 1095 1722 comprobem.
1117 1636 1229 1702 Liceat
1243 1638 1347 1721 igitur,

169 1737 201 1798 in
223 1737 426 1803 adnotatione
448 1737 560 1804 afferre
583 1757 622 1803 ea
643 1738 760 1803 Helmii
781 1741 943 1824 exempla,
977 1759 1059 1823 quae
1085 1737 1160 1802 mibi
1188 1737 1349 1803 reicienda

169 1836 312 1901 videntur
334 1858 405 1905 esso
427 1859 445 1904 e
466 1839 552 1920 loeo,
586 1857 677 1921 quem
699 1839 840 1906 Halmius
862 1841 1051 1924 assignavit,
1085 1839 1159 1922 quia
1179 1858 1256 1904 vera
1277 1857 1348 1903 eum

170 1935 260 2002 falsis
281 1939 477 2006 oommisouit
498 1939 758 2023 confusioque1).

188 2227 217 2298 1)
237 2226 295 2284 Sub
314 2229 328 2283 Ι
358 2227 449 2282 minus
474 2230 553 2281 recte
577 2225 731 2281 inseruisse
754 2225 868 2281 videtur
897 2225 961 2282 mihi
989 2226 1120 2295 exempla
1143 2224 1293 2280 Tasitina:

241 2332 304 2370 ann.
325 2317 367 2383 12,
388 2318 405 2373 2
423 2315 494 2370 nihil
510 2356 537 2372 ..
556 2330 659 2369 novum
678 2314 848 2380 disserebat,
867 2314 892 2370 si
911 2320 994 2369 sueta
1012 2315 1115 2370 coniux
1133 2313 1240 2369 rediret
1257 2313 1347 2368 haud-

429 2419 569 2475 quaquam
579 2402 781 2458 noveroalibus
791 2403 866 2458 odiis
875 2402 971 2456 visura
978 2403 1347 2469 Britannicum,·00taviam.

240 2510 307 2566 hist.
327 2513 351 2579 1,
371 2513 405 2568 33
426 2527 482 2566 non
500 2508 742 2578 exspectandum,
765 2512 798 2562 ut
825 2509 992 2577 compositis
1020 2508 1122 2563 eastris
1146 2509 1239 2563 forum
1266 2508 1346 2563 inva-

425 2600 476 2655 dat
495 2605 525 2654 et
542 2603 748 2667 prospectante
768 2596 861 2654 Galba
876 2596 1049 2665 capitolium
1067 2596 1162 2665 adeat,
1181 2597 1247 2651 dum
1265 2611 1346 2666 egre·

423 2688 487 2758 gius
515 2689 672 2756 imperator
697 2703 760 2742 oum
790 2686 914 2743 fortibus
943 2686 1043 2742 amieis
1072 2686 1157 2740 ianua
1183 2703 1219 2742 ao
1250 2686 1346 2740 limine

424 2783 508 2832 tenus
526 2777 640 2832 domum
659 2775 760 2845 eludit,
780 2776 959 2832 obsidionem
976 2776 1105 2830 nimirum
1124 2774 1307 2831 toleraturus.

224 2882 291 2939 Sub.
309 2883 351 2938 ΙΙΙ
368 2882 444 2939 falso
462 2883 601 2939 inseruit:
620 2882 689 2939 Tae.
708 2899 774 2937 ann.
792 2884 817 2951 2,
826 2885 879 2940 58.
898 2924 905 2940 .
924 2883 1041 2937 miserat
1059 2881 1212 2937 amicitiam
1230 2898 1265 2938 ao
1285 2882 1346 2938 foe-

171 2971 223 3026 dus
241 2976 447 3026 memoraturus
467 3008 475 3025 .
494 3015 501 3029 .

244 3094 307 3132 ann.
325 3080 351 3145 4,
372 3079 407 3135 46
427 3119 434 3133 .
454 3120 461 3132 .
480 3116 488 3133 .
506 3079 608 3134 misere
635 3078 750 3148 legatos
781 3077 936 3134 amioitiam
960 3077 1182 3149 obsequiumque
1212 3093 1346 3134 memora·

424 3172 584 3225 turos...

244 3258 361 3323 ann.13,
376 3259 411 3314 15
430 3255 522 3325 Igitur
540 3256 645 3314 ceteris
665 3256 779 3312 diversa
807 3269 861 3310 neo
880 3253 1011 3309 ruborem
1038 3254 1163 3310 allatura
1188 3253 1240 3326 (so.
1258 3254 1346 3322 impe·

424 3345 522 3416 ravit).

244 3450 308 3488 ann.
320 3434 362 3501 12,
377 3437 411 3491 50
429 3435 613 3505 Vacuamque
635 3448 732 3488 rursus
755 3429 920 3486 Armeniam
942 3431 1127 3486 Radamistus
1146 3428 1270 3496 invasit,
1289 3434 1348 3483 tru-

427 3523 568 3578 culentior
586 3539 670 3593 quam
689 3525 792 3588 antea,
815 3527 960 3590 tamquam
978 3520 1116 3576 adversus
1135 3518 1300 3573 defectores
1319 3523 1349 3573 et

426 3613 456 3666 in
476 3609 823 3680 temporerebellaturos.

244 3715 307 3758 ann.
321 3703 362 3768 14,
375 3703 409 3760 38
428 3739 436 3754 .
458 3741 464 3755 .
486 3700 745 3771 ,disperseratque
772 3714 877 3754 novum
901 3698 1029 3768 legatum
1053 3695 1257 3766 opperiendum
1286 3712 1349 3751 esse

427 3791 489 3846 sine
513 3789 614 3845 hostili
642 3789 686 3844 ira
710 3794 741 3844 et
759 3788 894 3857 superbia
914 3787 1035 3842 victoris
1065 3786 1219 3842 elementer
1243 3785 1350 3841 deditis

426 3879 627 3936 consulturum.

243 3968 311 4025 hist.
330 3969 356 4037 1,
376 3971 410 4028 19
427 3969 568 4040 agitatum
587 3972 713 4033 secreto,
736 3981 802 4020 num
831 3970 862 4019 et
879 3963 947 4019 Piso
965 3959 1214 4032 proficisceretur,
1243 3957 1350 4013 maiore

425 4064 595 4128 praetextu,
629 4056 672 4111 illi
691 4055 894 4110 auctoritatem
923 4058 1058 4120 senatus,
1083 4052 1130 4106 hio
1154 4048 1351 4118 dignationem

419 4148 552 4204 Caesaris
570 4147 688 4203 laturus.

244 4236 311 4292 hist.
332 4242 356 4304 1,
376 4240 412 4298 32
428 4251 520 4306 usque
539 4236 598 4292 illis
617 4233 752 4289 iudicium
770 4237 820 4288 aut
845 4230 967 4295 veritas,
997 4227 1103 4298 quippe
1122 4225 1224 4282 eodem
1243 4224 1290 4280 die
1309 4224 1351 4279 di-

425 4340 511 4381 versa
527 4325 591 4396 pari
607 4322 763 4380 certamine
781 4319 980 4391 postulaturis.
