3052 5130
247 494 339 573 Quod
362 493 403 558 ad
424 494 574 559 maiorem
597 495 851 579 perspicuitatem
872 494 1003 578 perduci
1024 513 1120 578 posse
1132 495 1266 559 arbitror
1287 515 1358 578 pro-

179 596 311 661 terendo
332 593 459 676 singula
480 594 635 674 membra,
670 594 782 677 quibus
804 600 990 659 structuram
1018 593 1104 658 illam
1136 601 1360 679 praeparatam
1422 617 1424 622 ’

128 741 132 752 ·
179 696 424 777 meditatamque
445 693 554 759 inferri
574 699 739 780 appareat.
760 693 854 770 Quod
876 695 970 759 modo
992 693 1059 758 dixi
1081 693 1233 777 imprimis
1253 696 1359 778 Augu-

179 796 240 862 stei
262 795 335 861 aevi
352 800 399 864 ,et
420 795 589 877 scriptores
621 800 653 859 et
672 795 807 859 lectores
828 795 860 858 in
889 794 1011 859 deliciis
1034 794 1184 858 habuisse
1211 796 1359 860 variatio·

178 917 270 979 nem,
304 895 395 959 buius
417 893 554 976 vestigia
574 894 691 976 ubique
713 894 999 958 animadvertentes
1037 896 1257 977 persequendo
1293 915 1359 959 rem

179 1005 210 1064 ct
230 993 463 1081 progrediendo
486 993 679 1058 adducemur
700 994 741 1058 ad
764 1013 852 1072 eam,
880 1012 977 1075 quam
1001 994 1203 1078 peculiariter
1223 1001 1359 1060 tractare

178 1097 337 1164 inanimo
359 1094 512 1158 habemus
534 1092 697 1158 Livianam
720 1093 844 1157 dicendi
867 1095 1101 1177 proprietatem.
1148 1169 1150 1174 ¹

260 1196 368 1261 Livius
389 1193 494 1276 igitur,
517 1197 550 1256 ut
571 1199 641 1256 erat
661 1193 917 1259 accommodatus
930 1194 971 1258 ad
993 1212 1157 1258 commune
1179 1194 1357 1277 aequalium

177 1317 304 1364 suornm
326 1294 474 1359 iudicium
497 1296 528 1357 et
538 1292 697 1357 studiosus
720 1293 923 1374 elegantioris
935 1294 1210 1377 exquisitiorisque
1232 1294 1357 1360 dicendi

173 1398 318 1485 generis,
346 1395 521 1458 iuncturam
550 1392 636 1457 illam
669 1393 905 1476 participiorum
929 1393 1096 1476 admisisse
1117 1394 1241 1458 videtur
1270 1414 1359 1459 exse-

114 1517 119 1523 ·
176 1498 301 1582 quendo
323 1514 402 1576 quas
424 1493 538 1556 multas
562 1491 648 1574 apud
669 1511 739 1557 eum
763 1493 905 1575 aliosque
927 1493 1072 1558 invenias
1105 1494 1138 1558 in
1160 1494 1264 1559 verbis
1287 1514 1356 1560 sen·

176 1597 343 1677 tentiisquc
366 1593 591 1676 componendis
614 1593 802 1658 mutationes
822 1593 1125 1677 variationesque1).

261 1696 331 1772 Qua
353 1693 488 1775 ratione,
512 1713 532 1757 a
553 1692 787 1776 simplicissimo
809 1693 985 1776 procedens
1008 1713 1066 1757 usu
1090 1693 1132 1758 ad
1153 1693 1356 1772 liberrimum,

146 1839 148 1842 >
176 1799 209 1862 in
231 1797 366 1861 cundem
388 1793 529 1857 ordinem
552 1793 656 1874 coegit
678 1799 709 1857 et
729 1793 922 1875 singularem
949 1792 1136 1858 substantivi
1159 1792 1356 1858 collectivum

177 1902 208 1961 et
228 1894 399 1979 pluralem:
421 1893 512 1957 huius
534 1892 579 1955 rei
601 1892 748 1976 exempla
770 1911 788 1956 e
809 1893 975 1957 Riemanni
995 1894 1075 1958 libro
1097 1899 1248 1977 excerpta
1265 1895 1298 1974 (ὅ
1319 1894 1356 1975 7)

176 1997 238 2061 buc
260 1996 398 2060 inserere
421 1993 491 2057 volo
514 1988 778 2057 luculentissima:

176 2135 243 2201 Liv.
267 2138 295 2212 2,
318 2135 367 2216 45,
390 2135 408 2196 3
453 2182 459 2197 .
483 2182 489 2196 .
514 2178 522 2195 .
560 2128 677 2196 Veiens
699 2133 798 2197 hostis
820 2133 1005 2215 Etruscique
1029 2184 1035 2199 .
1060 2187 1066 2198 .
1091 2185 1097 2200 .

263 2238 292 2316 3,
315 2239 364 2312 17,
388 2236 426 2298 12
449 2282 455 2297 .
479 2278 486 2293 .
511 2275 518 2291 .
540 2249 580 2294 00
602 2230 713 2296 Sabini
743 2251 805 2296 neu
826 2231 942 2298 Veiens
964 2231 1064 2296 bostis
1085 2237 1291 2299 moveretur.
1314 2278 1322 2294 .
1345 2277 1353 2293 .

140 2395 143 2400 .
244 2341 294 2415 10,
315 2333 407 2414 27,3
450 2329 677 2396 ...Samniti
700 2332 865 2414 Gallisque
889 2380 896 2396 .
920 2377 958 2396 ..

245 2438 295 2514 21,
317 2435 367 2513 44,
391 2438 407 2497 1
446 2430 460 2494 ’.
480 2475 487 2492 .
511 2481 517 2494 .
542 2437 723 2496 veteranum
756 2432 911 2522 peditem,
940 2431 1255 2514 generosissimarum
1276 2449 1351 2514 gen·

452 2532 528 2594 tium
551 2532 672 2614 equites
694 2581 703 2596 .
726 2583 732 2598 .
757 2582 764 2597 .

240 2635 291 2716 23,
313 2637 363 2715 21,
386 2637 404 2698 2
447 2632 537 2697 militi
557 2650 596 2697 ac
618 2632 785 2717 navalibus
807 2633 944 2698 sociis..
968 2679 975 2695 .

243 2738 292 2811 26,
314 2737 364 2814 20,
387 2733 407 2796 8
449 2779 485 2796 ..
512 2783 519 2797 .
542 2733 688 2797 artiorem
711 2751 869 2796 annonam
891 2731 985 2798 sociis
1007 2751 1102 2815 quam
1125 2731 1236 2796 hosti.
1260 2782 1267 2798 .
1290 2779 1298 2796 .

241 2837 291 2912 27,
326 2834 357 2913 2,
389 2837 408 2899 6
449 2832 679 2914 ...Hispani
709 2832 824 2896 milites
852 2839 884 2897 ct
911 2832 1049 2899 funditor
1077 2832 1219 2897 Balearis
1241 2880 1248 2896 .
1272 2878 1311 2896 ..
1384 2864 1388 2869 ·

244 2937 294 3013 31,
317 2936 366 3012 21,
390 2938 428 2999 15
452 2933 582 2997 ...ab
605 2932 761 3015 equitibus
784 2933 1143 3016 et..apedite...

241 3036 291 3112 37,
313 3036 364 3113 41,
391 3038 426 3098 11
452 3039 575 3099 ...et
607 3033 687 3098 levis
708 3039 868 3098 armatura
889 3039 921 3098 et
948 3032 1089 3117 expediti
1117 3032 1289 3098 funditores
1322 3040 1353 3097 et

451 3133 545 3198 velox
566 3133 726 3199 Cretensis
748 3184 755 3197 .
780 3183 786 3198 .
811 3181 818 3197 .

240 3236 290 3311 40,
314 3236 364 3314 43,
386 3238 405 3299 7
446 3233 625 3298 militibus.
649 3284 655 3298 .
681 3285 687 3298 .
709 3227 941 3299 centurionibus
965 3280 972 3295 .
996 3279 1004 3296 .
1029 3284 1035 3297 .
1059 3233 1166 3316 equiti.

255 3350 376 3415 Eadem
397 3349 519 3414 ratione
544 3349 825 3430 substantivorum,
860 3367 942 3433 quae
964 3350 1108 3415 adverbii
1136 3351 1205 3416 loco
1228 3350 1352 3434 praedi·

173 3458 243 3517 cato
266 3451 478 3533 adiunguntur
497 3448 617 3531 profert
637 3468 730 3515 casus
753 3450 897 3531 obliquos
925 3456 956 3514 ct
977 3450 1060 3515 nude
1082 3452 1202 3533 positos
1224 3457 1255 3514 ct
1275 3467 1351 3533 pen-

172 3552 282 3640 dentes
305 3570 346 3615 cx
367 3549 672 3633 praepositionibus:
709 3549 741 3613 id
764 3549 847 3632 quod
869 3551 932 3614 iam
954 3549 1110 3615 invenitur
1132 3550 1217 3634 apud
1239 3549 1352 3634 prioris

13 3736 16 3743 .
70 3732 74 3737 Ι
170 3651 321 3735 temporis
343 3649 513 3733 scriptores
537 3649 595 3732 (cf.
611 3651 764 3732 Draeger,
785 3656 868 3733 synt.
890 3650 962 3714 bist.
984 3650 1034 3714 cd.
1053 3652 1082 3714 2.
1106 3650 1120 3713 l
1141 3668 1217 3734 pag.
1240 3651 1329 3730 604):

172 3768 263 3833 Caes.
288 3767 316 3830 b.
339 3785 366 3832 c.
384 3771 413 3849 3,
436 3772 475 3833 ee
498 3813 506 3830 .
530 3815 537 3831 .
560 3817 566 3832 .
590 3787 646 3851 per
671 3767 734 3831 vim
769 3785 990 3850 expugnare.
1022 3818 1028 3831 .
1062 3819 1069 3833 .
1105 3766 1244 3832 amicitia
1276 3784 1349 3831 con·

450 3867 568 3933 ciliare.

188 4141 193 4146 “
240 4135 272 4204 1)
294 4134 400 4190 Confer
418 4135 506 4189 etiam
523 4131 867 4202 Naegelsbach-Muollori
885 4130 921 4186 de
945 4146 1052 4201 genero
1071 4132 1186 4189 dicendi
1197 4127 1302 4188 Latino
1321 4136 1352 4187 ct

169 4227 233 4279 arte
253 4223 443 4292 componendi
462 4223 601 4278 sermonis
621 4220 716 4276 Latini
734 4220 838 4276 librum
858 4225 874 4284 ξ
894 4221 929 4277 32
947 4236 1010 4289 sqq.
