3052 5130
656 642 863 707 ...13-

251 823 346 905 Nam,
368 822 427 887 etsi
448 841 541 887 nemo
564 829 660 906 neget
680 823 889 887 Riemannum
910 827 1022 904 argute
1045 828 1076 885 et
1097 823 1264 906 perspicue
1286 822 1350 887 dis·

169 942 274 988 serere
307 924 348 986 de
377 923 579 1004 quaestione,
616 941 698 1005 quae
721 923 846 1006 quidem
868 940 1066 1004 nequaquam
1096 928 1144 986 est
1165 923 1352 1005 neglectae

170 1023 284 1088 nostris
320 1022 498 1088 hominibus
530 1024 631 1088 doctis
652 1061 694 1068 —
717 1039 962 1087 commemorare
997 1021 1089 1085 velim
1112 1022 1148 1085 lt.
1171 1023 1352 1088 Hoffmanni

171 1125 230 1190 hac
253 1126 294 1204 de
315 1142 350 1187 re
371 1129 543 1206 praecepta
564 1161 623 1200 —‚
659 1130 764 1187 tamen
789 1122 917 1185 multum
940 1122 1040 1202 abest,
1063 1126 1096 1186 ut
1117 1122 1211 1205 plane
1233 1123 1277 1187 illi
1300 1143 1351 1188 as·

169 1225 351 1305 sentiamur,
373 1224 426 1304 qui
447 1223 478 1287 in
494 1224 682 1288 contrarium
705 1242 840 1287 errorem
864 1228 958 1304 atque
973 1221 1005 1303 ii,
1028 1241 1107 1306 quos
1118 1224 1284 1307 vituperat,
1307 1225 1352 1289 vi·

170 1325 262 1389 detur
282 1323 443 1388 incidisse.
463 1324 545 1388 Nam
568 1330 601 1387 ut
621 1322 654 1386 hi
676 1323 782 1387 omnia
802 1323 868 1385 fere
889 1322 921 1385 in
941 1321 1050 1404 lingua
1064 1321 1188 1405 Latina,
1206 1343 1288 1405 quae
1310 1324 1352 1389 si·

171 1423 378 1487 militudinem
400 1424 558 1506 quandam
592 1442 669 1506 prae
697 1441 733 1487 se
766 1424 869 1487 ferunt
900 1441 970 1485 cum
991 1422 1112 1487 Graeco
1140 1442 1302 1504 sermone,
1335 1443 1353 1488 e

172 1523 304 1588 Graecis
325 1528 504 1607 repetentes
536 1525 596 1587 bac
629 1522 751 1587 ratione
785 1522 976 1606 explanandi
1015 1522 1159 1587 difficiles
1196 1523 1353 1605 quaestio·

172 1643 228 1689 nes
250 1623 473 1706 grammaticas
496 1623 622 1706 longius
650 1624 812 1705 progressi
838 1629 925 1703 suot,
958 1622 1003 1687 ita
1033 1623 1087 1688 ille
1120 1624 1353 1706 angustioribus
1446 1618 1449 1625 ’

172 1723 285 1787 finibus
305 1710 534 1805 inclusitrcm,
569 1722 666 1785 nimia
689 1723 858 1786 severitate
879 1741 990 1805 parum
1012 1722 1202 1806 respiciens,
1237 1728 1356 1805 quanta

172 1824 203 1887 vi
226 1822 307 1887 Livii
341 1828 447 1888 aetate
480 1841 550 1886 cum
583 1842 687 1887 mores
724 1823 1028 1905 consuetudinesque
1063 1824 1254 1889 Graecorum
1289 1832 1355 1888 tum

175 1924 299 1988 Graeca
321 1923 430 2006 lingua
446 1923 662 1987 Romanorum
685 1923 781 1986 vitam
804 1928 835 1986 et
856 1922 1014 2005 publicam
1038 1931 1069 1988 et
1090 1925 1247 2008 privatam
1271 1943 1354 1987 com·

173 2025 270 2108 plexa
291 2023 362 2087 sint.
406 2022 536 2086 Rectius
558 2023 653 2108 igitur
674 2023 865 2087 discerneret
891 2023 924 2085 in
952 2023 1062 2107 lingua
1083 2023 1198 2089 Latina
1231 2031 1355 2108 praeter

173 2123 365 2188 imitationes
392 2122 519 2206 linguae
542 2123 686 2187 Graecae
708 2123 868 2204 quaesitas
900 2122 940 2187 de
973 2124 1127 2188 industria
1149 2143 1221 2206 eas,
1262 2144 1355 2206 quae,

83 2274 85 2278 .
174 2223 278 2304 tacite,
301 2229 334 2287 ut
356 2223 400 2288 ila
412 2223 525 2303 dicam,
548 2223 742 2307 irrepserunt
755 2222 786 2285 in
807 2242 985 2287 sermonem
997 2224 1188 2289 cotidianum
1211 2230 1243 2289 et
1258 2244 1356 2308 opera

176 2324 373 2408 scriptorum.

237 2424 309 2488 Non
330 2423 433 2507 igitur,
455 2431 488 2487 ut
505 2423 550 2487 rei
566 2443 718 2487 summam
735 2423 898 2503 faciamus,
922 2423 1035 2487 sufficit
1046 2424 1211 2488 verborum
1225 2431 1355 2491 structu·

177 2542 273 2589 raeve
294 2524 459 2589 consensio
481 2524 651 2607 quaedam,
684 2523 741 2586 sed
773 2541 813 2585 ex
836 2524 959 2587 Graeco
982 2543 1127 2588 sermone
1158 2526 1189 2589 in
1210 2527 1355 2591 Latinum

179 2629 338 2706 receptam
360 2643 431 2688 esse
462 2629 648 2688 structuram
674 2623 741 2686 iure
763 2641 877 2704 neges,
907 2624 968 2687 nisi
1003 2625 1107 2689 aliena
1139 2626 1180 2689 sit
1202 2648 1222 2690 a
1244 2627 1355 2691 Latino

179 2743 296 2808 genere
317 2725 442 2789 dicendi
464 2731 496 2788 et
517 2743 609 2808 pure,
647 2730 679 2787 ut
706 2723 751 2786 ita
774 2723 893 2804 dicam,
930 2724 1073 2789 redoleat
1094 2726 1286 2790 Graecorum
1324 2727 1357 2790 in

178 2824 396 2911 componenda
418 2826 558 2889 oratione
580 2843 698 2888 morem
721 2831 815 2906 atquc
837 2842 936 2887 usum.

262 2925 354 3001 Quod
375 2943 479 2989 nonne
500 2924 633 3007 quadret
654 2926 695 2989 ad
718 2926 808 3000 hanc,
831 2944 924 3005 quam
946 2924 1142 2988 tractandam
1160 2927 1357 3010 suscepimus

179 3030 375 3107 structuram,
398 3025 425 3089 si
447 3025 638 3108 quaesiverit
649 3026 816 3108 quispiam,
839 3044 960 3089 summo
972 3025 1038 3088 iure
1051 3024 1252 3107 negabimus:
1274 3028 1356 3092 Nam

180 3129 240 3191 etsi
271 3125 374 3192 forma
404 3125 485 3189 inter
512 3145 547 3190 se
568 3124 758 3190 conveniunt
779 3125 902 3209 periodi
934 3131 965 3188 et
987 3123 1130 3188 Graecae
1162 3131 1193 3189 et
1214 3125 1356 3205 Latinae,

180 3232 285 3290 tamen
306 3227 354 3289 sui
383 3225 459 3290 iuris
482 3244 552 3289 esse
574 3231 668 3306 atque
691 3244 773 3308 quae
796 3243 835 3288 ex
857 3244 1002 3290 sermone
1031 3245 1106 3290 vere
1127 3225 1240 3290 Latino
1274 3246 1358 3291 ema-

133 3352 138 3359 ·
180 3327 301 3391 navarit
332 3326 454 3389 videtur
477 3324 673 3391 constructio.
718 3329 767 3389 An
796 3330 952 3408 repugnat
983 3343 1051 3388 cum
1078 3325 1206 3408 linguae
1227 3325 1360 3392 latinae

181 3427 302 3492 ratione
324 3432 418 3509 atque
433 3425 517 3489 usu?
539 3424 651 3489 Nonne
672 3426 801 3490 libertas
817 3425 973 3507 quaedam
992 3425 1023 3488 in
1045 3425 1213 3507 iungendis
1236 3433 1357 3493 senten·

180 3528 232 3590 tiis
262 3532 293 3591 et
313 3526 531 3607 neglegentia,
568 3526 765 3589 ecotidiano
799 3525 952 3589 sermonis
985 3544 1042 3589 usu
1063 3525 1221 3608 prolecta,
1256 3529 1360 3593 excoli

181 3626 281 3708 potuit
303 3626 373 3689 aevi
389 3626 541 3707 Augustei
563 3625 595 3689 in
618 3625 794 3690 elocutione
815 3626 1033 3708 componenda
1062 3627 1181 3690 maiore
1209 3626 1359 3693 licentia?

180 3725 292 3790 Nonne
314 3725 395 3790 Livii
424 3729 559 3789 aetatem
588 3732 735 3789 nontam
768 3725 986 3790 concinnitatis
1023 3727 1176 3790 rotundae
1211 3728 1361 3794 orationis

181 3845 274 3908 quam
306 3825 574 3910 locupletissimae
597 3826 780 3891 variationis
815 3831 846 3889 et
868 3825 1081 3907 exquisitioris
1107 3827 1282 3891 munditiae
1302 3847 1361 3910 ‚cu-

182 3926 289 4010 pidam
310 3932 404 4009 atque
426 3925 598 4013 studiosam
620 3924 719 3991 fuisse
741 3926 905 3990 notissima
925 3946 977 3991 res
999 3927 1072 3991 est?

264 4026 354 4102 Quae
377 4044 446 4090 cum
469 4026 513 4089 ita
533 4025 616 4104 sint,
639 4026 874 4109 participiorum
896 4026 982 4090 illam
1005 4028 1176 4091 iuncturam
1199 4027 1362 4108 haudqua-

182 4145 276 4208 quam
298 4145 315 4189 e
339 4127 469 4190 Graecis
492 4126 677 4190 translatam
698 4133 879 4210 raptamve,
913 4125 970 4190 sed
992 4133 1098 4190 natam
1121 4146 1192 4191 esse
1224 4148 1264 4192 en
1286 4129 1362 4192 coti-

183 4227 278 4291 diano
307 4226 420 4291 latino
448 4245 609 4307 sermone,
648 4227 838 4310 etemporis
873 4226 994 4290 ratione
1030 4232 1124 4307 atque
1150 4227 1362 4309 inclinatione,

184 4327 363 4392 abalienato
394 4327 580 4410 scriptorum
602 4346 699 4391 sensu
726 4328 872 4409 aprisca
899 4326 1121 4410 simplicitate,
1158 4327 1362 4410 persuasissi-

113 4431 117 4435 ’
184 4449 267 4493 mum
290 4429 402 4493 habeo.
