3052 5130
661 644 867 722 449„

450 843 539 903 catos
562 839 696 903 honores
724 857 782 920 pro
800 836 892 906 ¹bene
925 843 979 901 aut
1013 854 1105 901 secus
1127 832 1269 902 consulto
1299 831 1354 900 ha·
1465 835 1469 839 ’

449 938 563 1004 bitura.

254 1055 418 1118 Accedunt
450 1053 597 1138 exempla
617 1052 751 1117 Liviana
771 1059 801 1133 7,
825 1057 875 1134 31,
897 1057 931 1134 23
968 1058 1020 1134 20,
1041 1056 1070 1131 2,
1097 1058 1148 1131 11,
1183 1055 1232 1130 29,
1254 1056 1293 1131 7,
1316 1054 1353 1131 43

173 1158 222 1236 34,
244 1158 296 1237 49,
318 1159 409 1219 2—3.
470 1227 475 1231 ,
1293 1188 1294 1195 1

173 1287 257 1353 Curt.
281 1295 310 1368 5,
331 1292 360 1370 4,
385 1293 422 1354 16
444 1287 593 1353 Craterus
620 1305 691 1350 eum
726 1286 823 1350 inlato
858 1292 976 1351 terrore
1012 1286 1176 1367 retineret,
1208 1285 1250 1350 ad
1282 1305 1352 1370 pro·
1395 1339 1399 1344 .

449 1388 518 1470 pios
554 1386 726 1469 periculum
768 1405 990 1451 conversurum
1032 1404 1163 1468 agmen:
1206 1387 1255 1450 sin
1298 1405 1352 1450 au·

400 1495 632 1557 .tem....

259 1610 288 1684 5,
312 1606 360 1684 10,
384 1609 402 1670 9
424 1604 507 1666 Hinc
528 1622 595 1686 spe,
618 1603 690 1667 hinc
712 1609 796 1666 metu
818 1603 970 1667 militares
992 1603 1269 1666 animosversant:
1292 1602 1351 1665 rui·
1474 1618 1478 1625 ’

448 1722 508 1769 nae
552 1723 655 1767 rerum
686 1703 821 1768 subdere
858 1703 928 1766 ilios
957 1705 1077 1784 capita,
1115 1703 1146 1764 in
1181 1698 1352 1782 perniciem

447 1805 546 1881 trahi,
584 1822 654 1867 oum
677 1803 790 1866 Bactra
812 1807 941 1886 pateant
976 1807 1148 1886 exceptura
1176 1819 1231 1865 eos
1261 1799 1352 1864 bonis

448 1909 479 1966 et
500 1903 670 1985 opulentia,
689 1902 805 1966 animis
829 1922 923 1984 quam
945 1904 1112 1986 concipere
1134 1919 1197 1965 non
1219 1901 1351 1984 possint.

275 2021 309 2098 6,
333 2022 367 2095 2,
392 2024 428 2084 10
451 2039 510 2083 nec
531 2020 592 2083 sibi
613 2019 774 2100 ignaviam
796 2019 927 2083 militum
951 2019 1086 2095 obstare,
1110 2016 1169 2081 sed
1190 2018 1284 2080 deum
1306 2015 1351 2079 in·
1476 2030 1494 2043 ¹·

448 2120 581 2197 vidiam,
614 2120 667 2201 qui
693 2118 872 2182 fortissimis
894 2118 969 2182 viris
997 2118 1132 2182 subitum
1154 2117 1276 2200 patriae
1298 2114 1352 2178 de-

394 2293 396 2298 ,
446 2220 594 2285 siderium
616 2219 842 2297 admovissent,
865 2219 959 2302 paulo
981 2224 1054 2300 post
1077 2217 1109 2280 in
1124 2215 1259 2280 eandem
1280 2233 1350 2278 cum
1461 2212 1487 2263 Ἀ

447 2320 566 2384 maiore
588 2318 683 2383 laude
704 2319 852 2401 famaque
874 2318 1029 2383 redituris.

273 2436 311 2517 7,
333 2436 366 2513 2,
388 2439 427 2501 36
448 2435 622 2500 Nemeum
645 2437 782 2520 experiri
798 2422 907 2500 ⁴vellet
928 2434 1060 2498 militum
1082 2433 1220 2508 animos,
1243 2430 1351 2494 admo·

446 2536 521 2616 nuit,
543 2534 595 2617 qui
617 2536 725 2601 literas
747 2537 778 2600 in
802 2534 1020 2600 Macedoniam
1041 2532 1083 2597 ad
1106 2550 1180 2597 suos
1208 2530 1351 2614 scripsis-

446 2643 512 2713 set,
544 2636 602 2718 iis,
625 2654 703 2717 quos
725 2638 795 2720 ipse
816 2634 974 2713 mittebat,
1008 2632 1176 2716 perlaturis
1197 2649 1267 2694 curn
1289 2629 1352 2695 fide

448 2735 596 2801 traderet.

249 2847 319 2913 Huc
340 2852 436 2917 etiam
458 2853 628 2937 pertinent:
661 2850 798 2934 00118,
822 2859 851 2934 5,
874 2855 932 2932 10;
955 2854 1006 2930 10,
1028 2854 1059 2931 8,
1082 2856 1140 2931 10,

776 2955 807 3031 8,
821 2957 872 3029 11,
882 2954 932 3018 21.

724 3153 794 3234 §Z

223 3318 256 3388 0.
283 3316 337 3382 --In
358 3338 433 3399 usu,
467 3326 499 3383 ut
520 3320 566 3383 ita
587 3319 701 3396 dicam,
723 3318 934 3384 condicionali
957 3319 1116 3405 participii
1138 3321 1193 3386 fut.
1216 3328 1279 3390 act.
1301 3324 1349 3390 di·
1455 3320 1464 3325 “

303 3419 483 3500 iudicando,
500 3418 664 3485 Sommero
685 3420 718 3501 (l.
732 3420 751 3484 1.
765 3439 841 3504 pag.
862 3421 958 3500 010)
981 3420 1138 3486 assentior
1149 3427 1181 3486 et
1201 3423 1262 3489 hac
1282 3424 1351 3490 fere

304 3520 425 3583 ratione
446 3519 532 3584 locos
554 3520 607 3601 qui
629 3525 764 3599 exstant,
790 3518 972 3584 distributos
994 3519 1081 3583 volo:

231 3635 265 3702 G.
284 3635 314 3700 I.
336 3636 537 3719 Participium
561 3637 614 3702 fut·
630 3642 690 3702 act.
703 3641 870 3720 usurpatur
892 3655 948 3719 pro
970 3637 1131 3701 enuntiato
1152 3623 1349 3722 secundario,

334 3737 434 3818 quod,
472 3739 500 3800 si
527 3737 688 3801 inlocum
716 3737 788 3802 iusti
818 3737 969 3801 enuntiati
997 3737 1139 3821 primarii
1168 3739 1350 3818 restituitur,

334 3837 484 3920 apodosis
523 3837 644 3920 periodi
675 3837 898 3921 hypotheticae
929 3837 998 3900 vice
1030 3837 1165 3919 fungens
1193 3837 1351 3920 significat
1465 3874 1470 3883 .

335 3937 393 4000 sub
407 3937 598 4002 'condicione
619 3936 755 4019 quadam
771 3923 892 4016 aliquid
903 3936 1058 4000 facturum
1072 3955 1143 4000 esse
1154 3935 1299 4018 aliquem.
1310 3975 1350 3986 -

334 4036 393 4101 His
414 4037 491 4101 locis
515 4056 585 4101 cum
608 4035 807 4120 participium
829 4036 885 4100 fut.
898 4041 960 4098 001.
983 4036 1168 4119 pierumque
1190 4038 1350 4120 signifiea-

334 4137 451 4201 tionem
473 4138 638 4202 exhibeat:
673 4135 773 4199 hereit
794 4154 832 4207 zu
859 4141 973 4213 etwas,
1007 4137 1222 4202 entschlossen
1244 4158 1282 4204 zu
1305 4146 1348 4204 et-

334 4254 418 4318 was,
447 4239 609 4320 complura
637 4234 785 4320 exempta
817 4236 880 4299 iam
914 4256 1011 4321 supra
1037 4238 1142 4317 attuli;
1186 4238 1348 4311 11100111-

335 4335 393 4400 bus
410 4354 518 4400 rerum
541 4337 746 4421 scriptoribus
769 4337 958 4418 adiungam:

168 4468 234 4559 Liv.
259 4475 308 4554 22,
331 4475 381 4552 38,
402 4477 421 4538 7
444 4470 643 4536 Oontiones.
668 4520 675 4535 .
699 4519 706 4534 .
728 4471 865 4536 consulis
886 4471 1038 4536 Varronis
1060 4471 1176 4536 multae
1208 4473 1347 4539 001010-

446 4590 499 4636 ces
531 4573 670 4649 suerunt‚
703 4571 915 4635 denuntiantis
952 4570 1067 4634 bellum
1098 4573 1284 4638 arcessitum
1317 4575 1348 4638 in

444 4671 568 4737 italiam
601 4671 642 4736 ab
669 4671 827 4736 nobilibus
850 4688 1093 4753 mansurumque
1122 4671 1153 4734 in
1175 4671 1349 4738 visceribus

1118 4789 1146 4851 4
