3052 5130
659 173 864 236 ..34-

257 351 317 429 Qui
338 354 482 433 quamvis
504 353 633 416 multum
655 353 792 418 debeant
812 352 968 437 prioribus
1001 351 1065 416 illis
1093 370 1171 434 quos
1192 352 1354 417 nominavi

174 451 258 533 viris,
277 461 382 516 tamen
402 453 521 535 aliquid
532 452 720 518 dissentiunt
740 454 782 518 ab
793 454 832 518 iis
853 452 1038 535 levibusque
1060 471 1166 518 eorum
1185 450 1353 532 erroribus,

174 571 253 634 qnos
274 555 390 632 notavi,
412 553 519 617 vitatis
540 551 621 617 baec
641 553 708 619 fere
730 553 771 619 de
793 571 852 618 usu
863 551 1023 636 participii
1042 552 1136 618 futuri
1148 553 1243 618 activi
1258 571 1352 637 prae-

174 660 267 736 cepta
287 653 405 717 dantr

255 753 349 837 Apud
370 752 494 838 priscae
529 751 692 817 latinitatis
727 752 896 837 scriptores
919 772 1047 836 perraro
1081 752 1281 837 participium
1302 753 1352 818 fu·

173 853 233 917 turi
276 852 370 918 activi
410 851 566 916 invenitur
605 853 636 947 in
672 852 774 918 locum
817 853 968 918 enuntiati
1013 853 1191 920 secundarii
1232 853 1352 919 substi-

172 958 281 1018 tutum.

255 1052 304 1116 Ex
325 1051 478 1133 Augustei
499 1051 571 1115 aevi
591 1052 796 1136 scriptoribus
818 1053 944 1119 abunde
966 1071 1114 1119 manasse
1133 1053 1258 1118 videtur
1277 1072 1351 1120 con·

172 1153 302 1217 structio
324 1153 355 1214 in
377 1151 557 1235 pedestrem
579 1153 761 1218 orationem.

254 1250 416 1334 Participii
451 1250 545 1316 futuri
577 1252 672 1316 activi
707 1251 864 1317 ablativus
897 1251 1059 1317 absolutus
1098 1252 1184 1336 apud
1215 1251 1350 1338 primum

173 1350 296 1415 Livium
318 1349 474 1416 iuvenitur
497 1349 549 1432 (cf.
570 1369 667 1434 supra
687 1372 763 1436 pag.
786 1356 851 1434 97).

253 1449 303 1514 De
323 1456 404 1533 part.
426 1449 481 1514 fut.
513 1453 685 1516 actuaria
715 1451 945 1535 significatione
977 1453 1061 1538 apud
1083 1451 1285 1519 Kuebnerum
1319 1459 1352 1519 et

172 1549 377 1616 Gossravium
399 1550 478 1616 baec
499 1549 567 1616 fere
587 1557 674 1615 sunt:

253 1650 425 1738 Participio
447 1649 539 1714 futuri
561 1650 657 1716 activi
678 1650 878 1735 designatur,
901 1671 963 1737 quo
986 1653 1055 1735 quis
1077 1653 1208 1719 oonsilio
1230 1653 1349 1736 aliquid

171 1750 284 1832 faciat,

253 1851 286 1915 id
308 1850 391 1934 quod
413 1852 454 1916 ad
476 1851 599 1932 aliquid
622 1849 810 1915 destinatum
833 1857 898 1931 est3

253 1951 407 2031 condicio,
429 1970 492 2033 qua
512 1950 547 2014 fit
563 1950 683 2031 aliquid
704 1957 798 2032 atque
821 1951 863 2015 ad
887 1952 1030 2018 effectum
1052 1954 1183 2020 ducitur,

253 2050 347 2133 Apud
367 2057 478 2135 poetas
510 2069 584 2116 vero
608 2056 639 2116 et
666 2051 849 2133 posterioris
877 2053 991 2118 aetatis
1020 2054 1189 2137 scriptores
1223 2053 1348 2137 partici-

172 2149 256 2240 pium
278 2151 372 2215 futuri
393 2150 487 2215 activi
509 2151 541 2214 in
563 2150 711 2216 adiectivi
732 2151 795 2215 vim
817 2153 904 2217 abiit.

255 2251 313 2315 His
335 2243 542 2333 adnumeres,
564 2270 648 2334 qnae
669 2252 833 2316 commode
854 2252 995 2336 sciteque
1016 2251 1101 2318 dicta
1122 2254 1296 2320 invenimus
1317 2254 1350 2317 in

171 2357 302 2432 perroto
324 2351 378 2417 illo
399 2349 667 2434 Naegelsbacbii-
680 2351 823 2416 Muellcri
844 2370 940 2435 opere
963 2354 983 2431 ξ
1007 2356 1103 2418 ttba.

725 2519 796 2596 §2

274 2649 364 2729 Quae
395 2650 613 2737 praeceperint
639 2649 852 2733 grammatici,
886 2649 1036 2732 pleraque
1070 2654 1196 2733 sumpta
1231 2664 1302 2712 esse
1329 2665 1348 2710 e

170 2749 303 2833 singulis
325 2749 636 2817 commentationibus
657 2749 800 2814 adhunc
821 2754 852 2814 et
877 2749 964 2813 illum
985 2748 1171 2833 scriptorem
1192 2746 1349 2832 pertinen·

170 2850 253 2915 tibus
271 2851 356 2917 baud
376 2852 464 2918 latet.
508 2850 548 2915 bt
568 2868 646 2914 sane
668 2850 834 2914 multorum
856 2849 963 2914 studia
983 2851 1016 2914 in
1038 2848 1191 2933 peculiari
1211 2848 1349 2931 singulo-

170 2969 239 3015 rum
272 2953 460 3038 scriptorum
481 2971 540 3017 usu
561 2951 719 3040 participii
741 2954 796 3020 fut.
826 2961 886 3020 act.
910 2951 1098 3035 exponendo
1120 2957 1247 3015 versata
1268 2954 1351 3030 sunt,

171 3051 216 3114 ita
237 3057 271 3116 ut
291 3053 333 3133 ii,
355 3053 408 3134 qui
440 3054 520 3118 baec
550 3062 793 3139 persequuntur,
815 3074 878 3120 non
900 3053 1029 3118 multum
1052 3053 1232 3118 desiderent
1259 3049 1351 3134 quasi

171 3150 334 3216 historiam
357 3160 537 3219 contextam
569 3152 661 3219 huius
692 3173 748 3238 per
776 3154 917 3238 linguam
937 3155 1082 3219 Latinam
1114 3170 1198 3217 usus.
1241 3148 1348 3214 Brevi·

170 3258 218 3316 ter
239 3251 335 3334 igitur
348 3272 576 3336 percurramus
599 3273 680 3335 quae
702 3256 763 3319 huc
784 3255 952 3320 referenda
972 3258 1060 3318 sunt:

254 3353 303 3418 De
323 3353 482 3435 fontibus,
505 3355 588 3419 unde
611 3357 764 3421 emanarit
796 3355 956 3439 participii
977 3353 1072 3418 futuri
1093 3351 1189 3417 activi
1213 3368 1297 3428 usus,
1324 3349 1351 3413 si

172 3469 316 3536 quaeras,
339 3455 520 3537 delegatum
543 3462 574 3519 te
595 3455 667 3520 volo
688 3455 730 3519 ad
752 3453 884 3521 Othonis
903 3454 1067 3520 Riemanni
1088 3451 1211 3531 librum,
1234 3450 1284 3514 cui
1306 3451 1351 3513 in-

170 3552 314 3618 scribitur
336 3536 473 3635 „lltudes
505 3574 558 3619 sur
590 3555 624 3619 la
653 3555 770 3638 langue
800 3560 831 3620 et
868 3554 902 3621 la
932 3552 1123 3638 grammaire
1155 3551 1195 3615 de
1222 3549 1352 3614 T.·Live

170 3653 273 3718 2ieme
310 3656 442 3736 edition,
479 3654 586 3738 Paris,
619 3655 738 3721 Thorin
768 3658 848 3722 1885
882 3656 924 3720 ad
957 3651 1192 3719 adnotationem
1221 3651 1351 3720 ,tertiam

171 3757 289 3836 §129,
317 3756 386 3836 ubi,
420 3762 546 3820 secutus
581 3755 768 3821 sententiam
805 3755 999 3836 quorundam
1031 3753 1193 3819 doctorum
1227 3756 1352 3815 nostrae

171 3854 302 3936 patriae,
324 3877 342 3922 e
364 3857 521 3922 cotidiano
543 3856 655 3921 Latino
676 3873 838 3935 sermone,
859 3874 922 3921 non
946 3873 963 3919 e
985 3852 1107 3918 Graeco
1129 3850 1259 3916 fluxisse
1281 3868 1352 3914 eum

171 3956 272 4020 docet.

231 4055 281 4120 De
303 4056 411 4142 primis
434 4076 509 4123 usus
532 4057 674 4123 eiusdem
696 4054 793 4121 initiis
814 4074 919 4139 pauca
939 4052 1095 4118 discosex
1115 4049 1165 4128 iis,
1187 4052 1354 4133 quaesunt

171 4157 257 4239 apud
279 4156 313 4220 l'.
335 4156 469 4241 Hoppe,
499 4155 546 4222 Zu
573 4156 635 4221 den
656 4156 867 4240 Fragmenten
889 4153 953 4221 und
974 4154 1031 4219 der
1052 4151 1194 4238 Spracho
1216 4149 1354 4232 Ciceros,

171 4255 368 4322 Gnmbinnen
391 4260 471 4326 1875
494 4261 526 4322 et
547 4257 611 4323 Der
634 4256 823 4339 Conjunktiv
844 4256 901 4321 der
922 4255 1103 4341 conjugatio
1125 4251 1357 4336 periphrastiea
