3052 5130
684 208 892 273 „20-

189 385 221 450 in
253 387 328 450 bina
362 387 503 452 membra
535 389 584 452 sui
618 387 695 453 iuris
728 385 815 454 facta
851 389 1046 472 interpositis
1080 385 1268 473 copulativis
1302 404 1375 451 eon·

190 486 417 552 lunationibus:

13 652 34 715 Ι·
59 722 63 733 Ι
110 608 114 618 ’
188 629 348 693 Taaann.
363 635 390 708 1,·
404 634 443 695 55
466 629 569 692 Druso
592 628 731 714 Caesare
750 628 783 693 C.
806 628 957 693 Norbano
987 628 1168 694 oonsulibus
1197 628 1377 694 decernitur

470 728 659 793 Germanico
681 728 857 811 triumphus
879 735 1026 793 manente
1048 729 1144 808 bello;
1171 729 1255 812 quod
1269 749 1376 812 quam-

469 850 563 912 quam
597 829 629 893 in
658 834 813 894 aestatem
847 847 970 893 summa
1007 848 1068 914 ope
1105 830 1254 913 parabat,
1287 829 1376 893 initio

468 931 552 994 veris
576 935 613 993 et
633 933 798 1011 repentino
820 928 852 992 in
873 927 1005 993 Chattos
1027 948 1162 995 excursu
1184 929 1355 1015 praecepit.

190 1027 265 1092 Tac.
280 1046 351 1090 anu.
369 1031 446 1110 etet
469 1031 510 1094 Et
531 1028 701 1094 Considius
728 1033 858 1110 Aequus
880 1035 912 1093 et
935 1028 1061 1095 Caelius
1083 1031 1215 1114 Cursor,
1252 1031 1375 1116 equites

466 1130 610 1208 Romani,
634 1130 717 1212 quod
739 1129 819 1194 fictis
842 1130 1019 1194 maiestatis
1043 1131 1224 1196 criminibus
1236 1130 1377 1214 Magium

377 1260 402 1295 ·.
469 1229 682 1295 Caecilianum
705 1236 885 1313 praetorem
908 1229 1107 1313 petivissent,
1145 1238 1273 1297 auctore
1295 1232 1377 1315 prin·

468 1332 539 1415 cipe
561 1350 604 1395 ao
627 1330 754 1394 decreto
776 1335 906 1395 senatus
928 1330 1039 1414 puniti.

191 1430 288 1497 Porro
312 1430 421 1494 oonler
442 1431 545 1496 Taciti
566 1451 638 1495 ann.
683 1435 713 1511 4,
735 1433 776 1498 34
861 1436 909 1510 13,
932 1435 971 1498 39

667 1536 754 1610 11,5
862 1532 911 1613 13,
933 1534 974 1595 44

665 1636 714 1712 12,
736 1635 774 1697 31
1091 1710 1093 1717 Α

190 1731 267 1795 Tac.
291 1731 363 1795 hist.
386 1734 415 1813 2,
441 1729 480 1796 12
514 1729 684 1796 securitate
719 1731 807 1815 pacis
843 1737 881 1794 et
915 1731 989 1795 belli
1030 1732 1114 1796 malo
1152 1731 1377 1797 circumvenie-

511 1830 634 1894 bantur.

321 1929 436 1995 Confer
458 1931 554 1994 etiam
575 1931 651 1996 Tac.
675 1931 746 1996 hist.
769 1935 799 2012 4,
820 1931 878 2011 453
903 1934 932 2012 4,
954 1934 1005 1998 82.

274 2032 512 2095 Substantivum
536 2037 568 2095 et
588 2025 795 2110 adieetivur'n,
829 2048 911 2112 quae
946 2031 987 2095 ad
1010 2050 1104 2095 unam
1127 2031 1294 2096 referenda
1315 2033 1380 2096 sint

191 2131 360 2209 notionem,
383 2131 590 2215 seiunguntur
612 2132 878 2197 intercedentibus
901 2131 1065 2216 particulis
1087 2132 1289 2214 copulativis:

191 2265 267 2330 Tac.
282 2285 354 2330 ann.
367 2271 396 2348 2,
410 2268 450 2331 44
472 2266 553 2330 Nam
572 2267 715 2331 discessu
728 2266 940 2331 Romanorum
961 2285 1005 2332 ae
1025 2265 1117 2331 vacui
1139 2273 1271 2333 externo
1293 2273 1378 2332 metu

469 2366 574 2449 gentis
607 2363 818 2431 adsuetudine
854 2372 885 2432 et
911 2372 977 2430 tum
1013 2367 1225 2433 aemulatione
1255 2368 1378 2451 gloriae

469 2487 558 2532 arma
580 2468 611 2531 in
634 2486 669 2531 se
692 2472 860 2532 verterant.
1365 2537 1369 2541 ,

273 2566 394 2633 Eadem
426 2569 549 2632 ratione
581 2568 662 2632 inter
694 2567 931 2651 participiorum
968 2573 999 2630 et
1019 2565 1142 2630 relativi
1171 2572 1202 2630 et
1231 2567 1377 2650 absoluti,

191 2669 334 2747 quamvis
356 2669 398 2733 ad
420 2688 514 2732 unam
544 2688 610 2733 rem
644 2668 875 2752 designandam
897 2667 1056 2750 variisque
1084 2686 1125 2731 en
1157 2667 1299 2750 partibus
1323 2667 1376 2732 de·

191 2765 384 2849 pingendam
406 2769 512 2851 posita
534 2770 616 2848 sint,
652 2771 805 2834 distracta
826 2769 981 2850 membra,
1012 2786 1094 2850 quae
1115 2767 1252 2832 indivisa
1274 2766 1377 2851 potius

191 2886 314 2948 cernas,
340 2869 537 2934 intercedunt
559 2870 733 2953 particulae
755 2870 974 2953 copulativae:

191 2984 265 3049 Tac.
291 3005 362 3050 ann⁴
388 2992 451 3068 6,2
472 2987 554 3050 Nam
577 2986 751 3070 principem
765 2988 877 3052 orabat
895 2985 1037 3069 deligere
1060 2992 1233 3066 senatores,
1256 3005 1296 3050 ex
1308 2986 1377 3069 quis

467 3086 581 3170 viginti
602 3093 687 3152 sorte
709 3088 795 3153 ducti
817 3095 855 3154 et
886 3089 968 3152 ferro
990 3086 1133 3168 accincti,
1156 3087 1299 3170 quotiens
1321 3105 1377 3151 cu-

469 3189 548 3252 riam
571 3189 691 3270 inisset,
714 3189 849 3253 salutem
872 3189 940 3252 eius
963 3186 1178 3252 defenderent.

337 3291 384 3369 12,
408 3291 447 3353 63
469 3287 595 3371 Quippe
607 3288 795 3372 Byzantium
815 3288 909 3352 fertili
931 3288 1009 3363 solo,
1033 3287 1168 3351 fecundo
1190 3286 1280 3369 mari,
1302 3286 1377 3369 quia

468 3389 516 3452 vis
539 3388 673 3472 piscium
705 3390 859 3454 immensa
879 3389 1013 3453 Pontum
1036 3405 1204 3470 erumpens
1232 3392 1270 3451 et
1298 3386 1375 3451 obli·
1468 3405 1472 3416 ’

469 3491 538 3574 quis
562 3490 671 3554 subter
690 3489 791 3553 undas
814 3477 914 3552 saxis'
924 3487 1076 3553 exterrita
1098 3486 1216 3552 omisso
1246 3486 1374 3552 alterius

468 3590 568 3654 litoris
589 3589 674 3654 flexu
696 3590 754 3653 hos
777 3589 818 3652 ad
841 3596 949 3672 portus
973 3588 1120 3653 defertur.

190 3787 252 3851 hist
272 3687 520 3855 {liaffieiusmodi
547 3692 694 3774 exempla
707 3689 852 3756 Tacitina
862 3690 953 3774 legas
969 3710 1040 3755 ann.
1052 3695 1100 3770 15,
1115 3693 1172 3767 513
1196 3686 1266 3752 hist.
1281 3690 1310 3769 4,
1318 3691 1374 3767 253

256 3834 261 3847 .
306 3838 314 3869 ‚
380 3839 387 3855 ,

190 3903 274 3969 Curt.
289 3911 318 3987 6,
343 3913 390 3987 11,
405 3910 444 3972 12
466 3906 535 3970 Rex
558 3907 688 3975 Cratero
710 3908 864 3973 accersito
892 3914 930 3972 et
961 3925 1105 3971 sermone
1128 3905 1252 3987 habito,
1285 3904 1374 3970 cuius

468 4027 592 4072 summa
620 4029 684 4075 non
708 4010 794 4076 edita
810 4013 867 4092 cst,
889 4011 920 4073 in
955 4007 1097 4072 intimam
1119 4003 1291 4071 deversorii
1304 4024 1376 4088 par·

467 4114 529 4172 tem
663 4112 694 4175 ’.

191 4201 272 4268 Curt.
287 4209 316 4284 8,
341 4211 388 4287 14,
407 4212 444 4272 11)
468 4216 533 4273 tum
551 4118 796 4276 slieucrillvffllubrica
816 4215 852 4274 ct
880 4210 926 4274 ob
952 4208 993 4273 id
1014 4206 1205 4290 impediente
1227 4211 1373 4272 conatum

467 4312 631 4379 molientes
654 4316 733 4380 ictus
756 4309 918 4377 celeritate
941 4308 1077 4375 hostium
1099 4314 1302 4392 occupantur.
