3052 5130
683 146 889 208 ..24-

192 327 327 410 positam
355 326 501 409 copulam
535 324 711 391 distinctius
734 346 887 411 expresso
907 327 1063 393 actionem
1086 327 1258 410 significet,
1295 345 1377 410 quae

29 432 32 440 '
111 464 114 470 ·
196 427 336 495 eiusdem
360 426 425 491 fere
448 434 542 509 atque
564 426 714 510 primaria
736 426 818 492 actio
839 427 881 492 sit
901 428 1049 514 ponderis
1072 434 1165 510 atquc
1188 428 1345 493 momenti.

734 597 754 674 ἓ
779 597 828 661 16.

277 728 409 793 Iamiam
431 727 632 811 pervenimus
654 729 696 793 ad
718 710 899 816 exemplum
921 732 1092 811 42,13,12,
1116 730 1199 813 quod
1222 737 1255 796 ut
1275 733 1378 799 forma

42 830 45 835 '
81 848 83 852 ’
194 834 239 896 ita
257 849 320 894 non
341 830 498 894 sententia
520 829 667 894 convenit
688 830 757 910 bis,
797 849 878 913 quae
902 831 995 895 modo
1016 829 1142 913 protuli.
1177 831 1214 895 In
1235 836 1378 900 extrema

196 932 337 997 oratione
359 929 509 995 Eumenis
530 930 615 1013 regis
637 930 678 994 ad
701 938 844 997 senatum
867 931 975 997 habita
996 930 1145 1012 legimus:

318 1032 453 1096 Functus
481 1030 661 1096 necessario
684 1031 759 1095 mibi
782 1033 884 1097 officio
914 1036 950 1095 ct
983 1029 1214 1113 quodammodo
1244 1030 1379 1099 liberata

318 1137 414 1216 atque
437 1138 610 1196 exonerata
631 1131 693 1195 lide
710 1151 791 1213 mea,
813 1132 983 1223 quidultra
1004 1131 1261 1216 facerepossnm,
1283 1153 1377 1216 quam

319 1232 363 1296 uti
392 1232 469 1296 deos
497 1231 637 1315 deasque
664 1251 788 1315 precer,
821 1240 854 1297 ot
876 1252 931 1298 vos
968 1238 999 1296 et
1026 1237 1150 1296 vestrae
1184 1233 1377 1316 reipublicae

318 1338 349 1397 ct
369 1333 460 1397 nobis
482 1332 577 1398 sociis
599 1338 694 1414 atquc
716 1334 835 1412 amicis,
859 1334 912 1416 qui
934 1353 975 1398 ex
986 1333 1075 1398 vobis
1097 1332 1282 1417 pendemus,
1305 1353 1376 1400 con-

321 1432 454 1497 sulatis?
1427 1507 1429 1511 ⁸

277 1534 365 1599 Haeo
387 1532 636 1615 magnificentius
658 1534 883 1616 sublimiusque
906 1534 991 1598 diota
1023 1552 1095 1598 esse
1120 1552 1219 1599 nemo
1247 1554 1309 1601 non
1330 1536 1375 1600 in·

193 1633 329 1716 tellegit:
362 1634 401 1697 nt
424 1633 504 1698 hacc
524 1633 596 1716 ipsa
625 1634 656 1697 in
687 1634 824 1699 oratorio
845 1653 963 1717 genere
991 1633 1116 1698 dicendi
1143 1634 1379 1718 ,magnificentia
1491 1641 1493 1645 ‘

195 1735 338 1799 sublimis
361 1739 392 1798 et
412 1735 549 1817 superba
570 1734 712 1817 gravitas
734 1734 855 1817 effecit,
890 1741 924 1799 ut
944 1735 1112 1818 participia
1134 1734 1175 1799 ad
1197 1738 1378 1819 augendam

195 1836 345 1900 orationis
378 1834 441 1899 vim
463 1839 558 1915 atque
581 1832 791 1916 granditatem
815 1834 977 1918 particulis
1014 1834 1202 1918 copulativis
1235 1836 1379 1901 seiuncta

195 1935 377 2018 singillatim
399 1934 604 2019 proferantur.
635 1932 726 2008 Quod
748 1934 872 2000 videtur
893 1935 1009 1999 firmari
1030 1935 1099 2000 loco
1121 1935 1262 2018 Liviano,
1286 1955 1378 2018 quem

136 2067 139 2070 ⁴
194 2037 329 2119 legimus
351 2035 380 2117 5,
404 2039 452 2113 13,
475 2040 505 2117 5,
538 2034 591 2098 ubi
613 2033 726 2098 Licinii
748 2035 845 2100 verba
866 2036 1054 2118 redduntur,
1076 2035 1132 2101 filii
1153 2034 1202 2101 sui
1224 2036 1378 2120 suffraga-

195 2137 272 2202 toris
294 2141 325 2201 et
347 2135 621 2201 commendatoris.
1122 2144 1124 2160 ·

745 2305 766 2382 ξ
789 2303 838 2370 17.

277 2438 319 2504 Ut
342 2437 510 2502 redeamus
533 2435 574 2500 ad
596 2453 635 2501 ea
657 2436 820 2521 exempla,
842 2456 924 2520 quae
946 2437 978 2501 in
1000 2436 1148 2502 historico
1171 2437 1296 2502 dicendi
1323 2456 1378 2520 ge·

194 2559 270 2603 nere
303 2543 443 2618 exstant,
478 2537 564 2601 locos
588 2542 623 2617 7,
649 2537 753 2618 11,1;
787 2541 845 2618 22,
866 2539 923 2618 22,
947 2543 1001 2619 15,
1032 2542 1196 2620 25,14,8
1229 2537 1379 2603 orationis

191 2640 300 2724 ,forma
322 2639 402 2703 inter
424 2656 458 2704 se
483 2637 714 2702 consentientes
741 2638 769 2702 si
790 2640 1025 2703 consideramus
1052 2639 1379 2723 praecedentibusque

195 2758 431 2824 comparamus,
467 2757 693 2822 cognoscemus
715 2738 760 2804 ita
781 2740 862 2803 inter
884 2758 919 2804 se
941 2738 1112 2804 cohaerere
1133 2739 1316 2823 participia,
1346 2745 1379 2802 ut

195 2840 352 2906 ablativus
374 2841 536 2904 absolutus
572 2838 718 2922 designet
745 2841 896 2923 priorem,
934 2840 1016 2906 unde
1051 2841 1151 2905 altera
1180 2845 1305 2904 emanet
1325 2857 1378 2903 ne·

195 2960 285 3007 cesse
307 2946 365 3020 est,
388 2943 558 3018 actionem3
593 2940 794 3024 participium
821 2941 986 3006 relativum
1015 2941 1198 3024 praeposita
1225 2940 1380 3024 particula

194 3042 375 3127 copulativa
395 3042 426 3106 vi
449 3042 586 3126 quadam
607 3039 727 3105 maiore
751 3059 935 3124 expressum
957 3040 1126 3124 significet,
1156 3059 1248 3122 quem
1270 3038 1312 3104 ad
1334 3039 1380 3104 ef·

194 3142 309 3206 fectum
333 3142 472 3206 adducta
497 3142 538 3207 sit
567 3141 649 3207 actio
671 3142 764 3225 prior.
809 3141 867 3206 llis
894 3142 991 3226 igitur
1011 3141 1043 3205 in
1066 3142 1219 3225 exemplis
1242 3141 1377 3226 particu-

194 3243 243 3307 las
265 3243 461 3326 copulativae
484 3243 672 3308 Germanice
704 3244 919 3327 interpreteris
948 3243 1010 3306 und
1045 3243 1160 3321 daher,
1196 3242 1259 3306 und
1291 3241 1377 3306 dem·

193 3342 295 3423 nach,
331 3343 394 3407 und
428 3344 537 3408 somit:
584 3343 654 3419 Quo
689 3343 824 3423 referas,
854 3344 996 3426 quamvis
1035 3348 1191 3409 structura
1225 3341 1377 3406 abhorre·
1405 3346 1409 3355 ’

193 3450 264 3527 ant,
296 3443 544 3527 loeos22,19,
581 3446 636 3523 11,
678 3444 761 3508 Ourt.
784 3448 819 3524 1,
843 3448 876 3524 6,
899 3447 1012 3510 23-
1056 3444 1148 3520 Quod
1191 3442 1233 3507 ad
1275 3443 1377 3508 locum
1419 3465 1422 3470 ’

194 3547 243 3623 24,
267 3548 294 3625 o,
318 3548 336 3609 3
360 3593 367 3607 .
391 3590 398 3604 .
422 3592 429 3608 .
468 3543 626 3628 praesenti
649 3543 748 3609 Fabio
771 3550 865 3627 atquc
887 3545 957 3628 ipso
988 3544 1115 3609 comitia
1138 3543 1275 3608 habente
1297 3590 1304 3604 .
1327 3592 1335 3609 .
1358 3593 1378 3626 .,

57 3634 65 3645 ’
193 3643 353 3709 affirmare
375 3645 467 3709 velim
491 3647 552 3710 bac
568 3649 723 3709 structura
746 3645 931 3728 scriptorem
952 3645 985 3709 id
1007 3649 1186 3730 spectasse,
1210 3650 1244 3709 ut
1264 3663 1377 3709 novam

194 3745 525 3829 inexspectatamque,
562 3764 657 3826 quam
679 3743 780 3825 affert,
810 3764 875 3808 rem
898 3745 1002 3809 acrius
1029 3744 1239 3827 secernendo,
1261 3750 1378 3829 quanta

195 3846 237 3912 sit
261 3847 328 3910 eius
350 3846 409 3926 vis,
432 3846 603 3929 legentium
626 3845 739 3910 animis
759 3846 898 3910 incutiat.

739 4015 830 4094 §ld

276 4145 368 4210 Locis
403 4151 507 4212 autem
535 4150 735 4230 25,16,22;
772 4149 822 4227 31,
845 4147 895 4224 24,
917 4149 951 4225 33
987 4145 1174 4226 36,10,12
1202 4143 1244 4210 ad
1278 4142 1375 4228 prius,

63 4317 67 4324 ,
192 4245 276 4331 quod
300 4266 366 4312 rem
388 4247 569 4314 summatim
591 4247 754 4326 describit,
790 4245 963 4311 membrum
991 4239 1114 4309 accedit
1135 4245 1283 4328 alterum,
1315 4265 1376 4330 quo
