3052 5130
697 622 969 688 Praemittenda.

794 788 865 868 ar.

326 932 420 1016 Apud
441 931 476 996 Τ.
499 932 621 997 Livium
652 953 714 998 non
746 935 847 1000 solum
874 936 1092 1020 participium,
1115 938 1200 1020 qnod
1224 939 1421 1004 nominamus

242 1032 422 1112 relativum,
453 1051 523 1096 cum
544 1033 711 1117 participio
734 1034 878 1100 absoluto
899 1037 944 1100 ita
965 1037 1133 1120 coniungi,
1171 1045 1204 1102 ut
1225 1038 1422 1103 intercedant

243 1130 417 1214 particulae
438 1132 637 1216 copulativae
657 1131 724 1215 ‘et²,
741 1133 841 1216 ‘que’,
858 1135 931 1214 ‘ac²,
948 1133 1078 1219 ‘atque’‚
1096 1135 1189 1217 ‘neo',
1208 1135 1346 1220 ‘neque',
1368 1157 1421 1203 ve-

242 1251 310 1296 rum
333 1231 430 1294 etiam
461 1232 592 1314 adiungi
614 1233 816 1316 praecedenti
848 1236 1015 1320 participio
1049 1238 1242 1302 enuntiatum
1270 1238 1422 1302 secunda·

242 1333 322 1394 rium
343 1330 592 1396 coniunctionale
622 1352 678 1415 per
700 1333 885 1416 particulas,
917 1354 994 1417 quas
1016 1355 1145 1418 prorsus
1167 1355 1422 1421 supervacaneas

243 1435 402 1520 opineris,
435 1431 631 1514 copulativae
649 1430 715 1514 ‘et'‚
734 1431 863 1517 ‘atque',
900 1435 1009 1518 paucis
1038 1437 1143 1502 adbuc
1170 1438 1252 1502 inter
1280 1437 1422 1502 homines

242 1536 352 1600 doctos
374 1533 504 1616 dignum
528 1532 628 1597 visum
651 1539 708 1614 est,
731 1533 815 1613 quod
836 1540 969 1599 notetur.
1074 1616 1080 1625 ι

326 1632 427 1709 Quam
449 1631 573 1696 Liviani
595 1631 748 1696 sermonis
770 1634 996 1716 proprietatem
1023 1641 1057 1700 ut
1085 1644 1299 1719 perscrutarer
1330 1655 1421 1701 accu-

241 1735 402 1816 ratiusque
429 1731 642 1816 perspicerem
676 1733 855 1816 compulsus
882 1753 903 1798 a
936 1737 1088 1817 magistro
1124 1735 1421 1802 benevolentissimo

245 1839 387 1918 Augusto
400 1833 514 1913 Luchs,
535 1830 683 1916 perlectis
695 1831 786 1913 Livii,
810 1831 917 1916 Curtii,
935 1835 1019 1899 Flori
1039 1836 1187 1919 operibus
1208 1834 1420 1917 collectisque,

242 1933 543 2018 quodsperaverim
565 1932 718 2013 omnibus,
741 1951 823 2014 quae
845 1934 905 1997 huc
916 1936 1073 2018 pertinent
1094 1935 1172 2002 loeis
1195 1935 1421 2018 aliquantulum
1492 1940 1494 1943 ’

241 2035 374 2100 fructus
396 2033 516 2118 percipi
550 2051 648 2117 posse
679 2051 719 2096 ex
747 2033 808 2097 hac
834 2033 1101 2117 disputatiuncula
1128 2036 1171 2099 ad
1203 2035 1421 2100 illustrandum

242 2154 343 2218 genus
371 2132 497 2198 dicendi
518 2133 598 2197 Livii
630 2132 805 2216 proprium,
828 2133 973 2201 Ciceroni
994 2154 1173 2219 aureaeque
1204 2154 1283 2219 quos
1315 2134 1423 2199 dicunt

242 2235 356 2301 aetatis
378 2232 583 2317 scriptoribus
594 2233 730 2296 alienum
745 2233 912 2298 arbitratus
930 2235 1137 2300 libentissime
1158 2236 1191 2299 in
1201 2234 1422 2320 persequendo

243 2335 404 2420 proposito
427 2332 502 2397 mibi
530 2332 562 2396 in
584 2338 721 2396 mentem
747 2335 895 2399 revocavi
916 2334 1043 2398 Lucbsii
1072 2341 1185 2414 verba,
1221 2335 1333 2416 quibus
1365 2332 1421 2397 ali·

244 2435 319 2517 quid
341 2433 475 2500 conferri
495 2451 591 2516 posse
610 2437 758 2496 accurata
778 2431 870 2497 huius
891 2434 936 2498 rei
959 2433 1177 2515 disquisitione
1198 2433 1240 2497 ad
1262 2451 1422 2516 eamsyn-

242 2536 326 2601 taxis
348 2534 499 2598 Livianae
531 2538 669 2616 partem,
702 2551 783 2615 quae
816 2539 864 2596 est
884 2533 924 2598 de
946 2533 1066 2598 ambitu
1089 2541 1121 2599 et
1141 2533 1422 2618 comprehensione
1495 2548 1497 2553 ·

243 2635 419 2716 verborum,
443 2631 643 2715 significavit.
1358 2680 1361 2687 .

326 2734 418 2811 Quod
439 2734 480 2798 ad
502 2732 651 2797 Livianos
672 2731 758 2797 locos
780 2733 874 2815 pauci
897 2733 950 2814 qui
972 2739 1097 2799 exstant
1111 2733 1253 2799 Curtiani
1274 2751 1421 2797 accesse-

243 2841 314 2901 rant
334 2853 392 2898 nec
412 2853 476 2899 non
496 2830 631 2897 ‘exhibiti
653 2836 725 2896 sunt
747 2831 788 2895 ad
809 2832 1056 2917 comparandum
1070 2833 1206 2899 Tacitini
1229 2839 1260 2896 et
1281 2834 1334 2915 qui
1349 2831 1420 2897 affe·

242 2942 350 3002 runtur
372 2933 423 2998 bic
445 2939 476 2997 et
504 2932 609 2997 illice
636 2931 839 3014 scriptoribus
862 2932 1009 3011 Graecis,
1043 2940 1075 2998 et
1104 2934 1308 2999 subtilitatem
1339 2952 1422 2998 com·

243 3033 444 3102 mentationis
464 3049 583 3114 augere
603 3049 707 3113 neque
723 3032 979 3115 perspicuitatem
1001 3034 1170 3100 obscurare
1190 3033 1314 3099 videtur
1335 3033 1422 3096 mihi.

690 3213 965 3278 Prolurio.

797 3381 870 3457 §2

325 3513 436 3596 Itaque
473 3530 553 3595 qaas
578 3511 754 3575 invenimus
781 3510 867 3594 apud
888 3510 969 3575 Livii
1000 3510 1196 3592 aliorumque
1222 3508 1359 3573 editores
1393 3513 1424 3572 et

212 3693 214 3698 ⁴
244 3619 506 3679 commentatores
534 3618 565 3676 et
595 3611 678 3675 bunc
699 3610 749 3676 vel
779 3609 865 3675 illum
897 3610 1172 3693 grammaticorum
1204 3607 1423 3672 adnotationes

246 3714 408 3798 dispersas
431 3713 472 3777 de
492 3716 650 3777 structura
670 3711 725 3775 illa
745 3711 897 3776 inusitata
917 3709 1094 3790 audacique
1116 3725 1369 3790 percenseamus,
1391 3711 1426 3770 ut

244 3815 317 3879 inde
339 3813 574 3897 proficiscamur
587 3811 628 3876 ad
640 3810 864 3894 enumeranda,
886 3817 971 3875 certo
982 3807 1093 3875 ordine
1104 3805 1312 3890 disponenda,
1334 3807 1423 3891 peni·

244 3923 295 3980 tus
316 3913 514 3999 inspicienda
535 3911 689 3995 exempla.

295 4014 484 4096 *Georgius
519 4011 695 4077 ludovicus
735 4011 913 4092 Walcbius,
957 4007 1011 4090 qui
1042 4025 1124 4073 anno
1165 4009 1243 4074 1815
1272 4003 1422 4082 Berolini‚

240 4113 492 4180 ‘emendationes
514 4112 682 4192 Livianas'‚
704 4112 838 4194 dignas,
862 4129 943 4193 qnae
965 4108 1059 4173 bodie
1079 4107 1241 4190 legantur,
1267 4107 1300 4171 in
1321 4107 1424 4171 lucem

245 4215 353 4298 edidit,
376 4234 406 4298 p.
431 4218 449 4280 3
472 4215 552 4278 baec
573 4212 712 4295 scripsit:
750 4208 876 4293 ‘Neque
896 4209 1037 4294 reperias
1059 4207 1260 4292 scriptorem,
1293 4207 1346 4289 qui
1368 4205 1423 4270 ad·
