3052 5130
653 258 859 323 „40-

169 443 340 508 sententias
362 441 511 524 proferre,
535 441 651 524 quippe
672 459 753 520 quac
772 440 816 505 nil
830 439 904 504 novi
917 439 1059 520 afferant,
1075 459 1344 524 supervacaneum

171 549 272 609 estet
302 543 441 625 longum.
484 540 630 604 Exoritur
660 546 764 604 autem
786 538 949 622 quaestio,
982 539 1057 622 quid
1089 540 1156 623 ipse
1178 540 1251 605 huic
1271 559 1345 623 syn·

170 644 252 707 taxis
273 643 355 727 parti
379 640 548 706 attribuere
569 640 703 724 possim,
741 641 888 723 quoniam
910 638 1114 721 deuotione,
1142 640 1347 713 derivatione,

170 742 401 826 significatione
422 740 579 825 participii
600 738 694 804 futuri
715 741 810 806 activi
821 739 935 821 omnia,
958 759 1040 822 quae
1056 747 1228 806 memoratu
1248 740 1347 824 digna

171 849 252 924 sunt,
273 844 357 907 dieta
381 860 451 906 esse
472 840 626 906 videntur.
661 841 725 905 Sed
747 859 936 927 quamquam
958 859 1036 924 opus
1058 859 1160 905 meum
1181 840 1347 923 haudqua-

171 963 263 1026 quam
285 942 399 1008 laciam
420 942 519 1026 pluris
541 961 635 1025 quam
664 941 862 1024 spicilegium
888 940 996 1021 vilius,
1034 947 1139 1006 tamen
1161 941 1346 1026 praesertim

171 1063 240 1107 cum
263 1043 416 1107 accedant
438 1042 477 1106 de
489 1041 594 1106 Curtio
616 1047 648 1106 et
667 1041 761 1106 Floro
783 1040 1019 1107 observationes
1042 1041 1207 1123 quaedam,
1230 1059 1347 1126 operae
1448 1048 1452 1057 ’

171 1142 305 1228 pretium
327 1143 393 1207 fore
415 1141 556 1222 confido,
588 1142 635 1222 si,
671 1141 745 1223 quid
768 1160 828 1223 ego
855 1141 988 1206 sentiam
1011 1142 1050 1206 de
1073 1144 1162 1206 varia
1183 1141 1267 1226 apud
1288 1141 1346 1207 hos

173 1244 345 1326 scriptores
366 1240 597 1324 significatione
618 1241 776 1325 participii
789 1242 843 1306 fut.
865 1247 925 1308 act.
944 1242 1014 1307 loco
1031 1242 1278 1307 enuntiationum
1300 1261 1348 1307 se-

172 1343 391 1410 cundariorum
404 1342 553 1426 usurpati,
562 1347 671 1424 aperte
684 1342 862 1424 protulerim
878 1341 1021 1407 omnibus
1035 1343 1186 1426 exemplis
1200 1343 1348 1421 collectis,

171 1451 203 1509 et
223 1444 272 1507 his
293 1442 489 1526 pertractatis
507 1441 727 1522 quaesiverim,
755 1442 910 1506 habeatne
918 1442 1024 1507 Livius
1046 1462 1102 1526 pro
1124 1445 1221 1508 variis
1243 1443 1348 1528 operis

134 1606 137 1611 ,
173 1545 221 1610 sui
243 1542 383 1626 partibus
405 1543 437 1606 in
459 1561 519 1606 usu
540 1541 760 1625 amplificando
784 1544 1028 1626 exornandoque
1047 1545 1294 1628 progressiones,
1317 1549 1348 1608 et

173 1643 383 1727 exposuerim,
406 1661 487 1725 quae
505 1643 585 1706 ratio
607 1642 780 1708 intercedat
801 1643 882 1707 inter
902 1662 992 1708 usum
1014 1650 1094 1725 part.
1117 1644 1171 1708 fut.
1193 1644 1347 1710 act.Livi-

172 1763 265 1808 anum
287 1743 515 1824 etGurtianum,
538 1748 570 1807 et
590 1742 823 1824 explicaverim,
845 1744 920 1825 quid
942 1744 1129 1809 concludere
1149 1745 1307 1829 possimus
1330 1763 1367 1831 e

171 1843 391 1926 comparandis
414 1843 578 1926 exemplis,
603 1860 685 1924 quae
707 1848 833 1908 exstant
859 1845 891 1907 in
913 1843 1038 1910 dicendi
1058 1863 1175 1927 genere
1198 1849 1229 1908 et
1250 1844 1346 1910 histo-

171 1943 235 2008 rico
258 1949 289 2007 et
309 1941 455 2008 oratorio.

255 2047 302 2106 Ac
324 2044 457 2128 primum
488 2041 614 2124 quidem
637 2047 856 2107 enumerentur
884 2049 977 2126 atque
1005 2043 1229 2109 distribuantur
1250 2046 1346 2128 parti·

171 2144 246 2228 cipii
267 2143 361 2208 futuri
382 2141 488 2224 activi,
511 2143 551 2208 de
573 2161 634 2224 quo
657 2142 748 2207 nobis
769 2162 820 2208 res
842 2148 898 2227 cst,
921 2145 1129 2229 exempla¹):

726 2341 796 2419 §iu

256 2493 294 2558 Α.
317 2494 340 2558 l.
354 2512 384 2558 a.
404 2489 575 2573 Participio
597 2487 653 2555 fut.
677 2495 737 2554 act.
752 2489 946 2573 designatur,
969 2511 1030 2572 quo
1053 2490 1266 2574 quiseonsilio
1287 2489 1344 2555 ali-

414 2590 489 2672 quid
510 2589 615 2654 faeiat.

173 2692 240 2757 Liv.
263 2696 302 2775 3,
326 2695 365 2756 42
376 2739 386 2772 ,
408 2697 426 2757 d
448 2695 553 2754 castra
579 2707 704 2772 qnoque
725 2688 844 2752 amissa
865 2695 969 2771 crant,
1007 2696 1182 2772 exutusque
1204 2691 1348 2755 omnibus

448 2788 633 2854 utensilibus
653 2789 743 2852 miles
749 2789 917 2854 Tusculum
930 2809 975 2872 se,
988 2790 1050 2855 lide
1066 2792 1347 2873 misericordiaque

449 2890 586 2955 victurus
612 2889 790 2974 hospitum,
827 2909 910 2971 quae
936 2896 1041 2955 tamen
1073 2910 1135 2956 non
1156 2891 1344 2974 fefellerunt,

447 2989 652 3055 contulerant.

276 3094 310 3171 8,
333 3093 388 3168 26,
412 3097 427 3156 1
451 3091 568 3156 sineret
590 3109 624 3155 se
648 3091 704 3171 (sc.
727 3089 934 3176 Nymphium)
963 3091 1065 3157 classe
1084 3093 1275 3159 circumvehi
1305 3095 1347 3158 ad

449 3192 623 3255 Romanum
655 3208 787 3272 agrum,
824 3210 885 3256 non
914 3188 1000 3256 oram
1024 3193 1117 3259 modo
1141 3196 1255 3274 maris,
1290 3195 1348 3260 sed

449 3291 511 3373 ipsi
532 3291 602 3355 urbi
623 3290 798 3374 propinqua
819 3291 890 3356 loca
911 3292 1180 3377 depopulaturum.

268 3393 297 3472 8,
320 3394 369 3470 29,
388 3392 427 3456 12
449 3396 481 3456 et
501 3391 546 3455 ita
566 3389 686 3474 proelio
717 3409 778 3455 uno
801 3390 918 3456 accidit
938 3394 1139 3460 Vestinorum
1161 3414 1227 3474 res,
1249 3395 1348 3460 haud-

450 3510 608 3572 quaquam
629 3496 734 3556 tamen
756 3492 917 3558 incruento
932 3483 1042 3559 ¹milite
1065 3514 1137 3578 suo,
1170 3502 1203 3561 ut
1232 3515 1294 3561 non
1316 3496 1348 3560 in

447 3595 552 3655 castra
573 3590 673 3654 solum
694 3592 877 3673 refugerent
896 3592 1013 3676 hostes,
1036 3596 1093 3661 sed
1114 3596 1177 3660 iam
1198 3615 1238 3660 ne
1264 3597 1348 3661 vallo

451 3691 578 3773 quidem
594 3708 632 3755 ac
653 3690 746 3755 fossis
768 3691 838 3757 freti
850 3693 1061 3758 dilaberentur
1082 3695 1114 3760 in
1135 3696 1263 3781 oppida,
1286 3698 1348 3762 situ

449 3791 571 3855 urbium
590 3791 818 3872 moenibusque
839 3811 875 3857 se
898 3793 1068 3859 defensuri.

244 4075 271 4146 1)
292 4075 431 4130 Titi-Livi
451 4074 486 4130 ab
505 4074 575 4130 urbe
595 4074 712 4130 condita
731 4075 818 4130 Libri.
855 4076 960 4131 Iterum
978 4079 1148 4150 recognovit
1166 4078 1239 4136 Guil.
1255 4080 1346 4136 Weis-

173 4164 296 4219 senborn
315 4169 344 4219 et
362 4163 449 4221 Maur.
467 4162 594 4230 Mueller,
612 4164 690 4232 Lips.
711 4163 820 4220 Teubu.
835 4166 983 4224 1877-85.

244 4255 276 4318 tl.
296 4254 409 4309 Curtius
428 4253 535 4320 Rufus,
556 4253 599 4312 ed.
618 4253 744 4322 Teubn.;
765 4254 933 4324 recognovit
952 4254 1118 4310 Theodorus
1137 4255 1231 4326 Vogel
1252 4259 1329 4315 1884.

242 4341 293 4399 Iul.
320 4340 396 4400 Flor.
415 4342 483 4411 epit.
502 4358 559 4401 rec.
578 4347 608 4397 et
626 4343 735 4398 emend.
754 4343 784 4398 Ο.
803 4342 880 4400 Jahn
900 4342 975 4401 1852.
