3052 5130
658 625 698 635 -
741 586 870 652 25-.

169 770 348 836 accuratius
370 769 527 853 latiusque
548 789 600 836 res
621 770 777 836 definitur.
817 769 913 847 Quod
942 775 975 835 ut
996 767 1161 853 insigniter
1182 769 1355 852 distingua-
1435 791 1447 843 ,·
1487 767 1489 771 ’

170 878 236 954 tur,
270 870 471 956 praepositae
493 877 566 936 sunt
594 871 763 951 enuntiatis
784 870 980 935 secundariis
1007 871 1181 954 particulae
1203 869 1355 956 copulati·
1436 897 1439 903 ’
1483 907 1498 917 ‚,

169 993 243 1051 ¹vae,
275 990 355 1054 quus
375 971 408 1035 in
429 977 569 1037 nostram
593 973 734 1056 linguam
761 971 934 1037 transferas
956 971 1020 1035 und
1041 971 1137 1048 noch,
1159 972 1240 1034 auch
1262 969 1354 1050 noch,
1463 968 1498 1067 ’ᾗς

170 1073 233 1138 nnd
255 1072 436 1138 obendrein.
480 1071 562 1136 Huic
591 1072 822 1158 comparandus
852 1076 901 1138 est
929 1091 1020 1152 usus,
1054 1073 1142 1136 cuins
1176 1071 1355 1156 exemplum
1465 1058 1498 1155 ..ss

172 1173 307 1256 legimns
325 1173 410 1257 apud
435 1171 574 1237 Curtium
597 1176 627 1255 33
649 1178 678 1250 7,
702 1177 751 1239 14.
1452 1179 1457 1188 ‘
1488 1166 1498 1183 ‘'

713 1397 732 1478 s
757 1398 805 1462 ω.

252 1549 357 1612 At-
378 1547 493 1612 dixerit
513 1546 670 1630 quispiam
692 1582 733 1594 —
754 1547 834 1612 haec
862 1547 967 1612 omnia
994 1547 1088 1613 altius
1109 1546 1286 1630 conquisita
1307 1568 1355 1640 ar·
1405 1608 1412 1612 ,,

170 1648 340 1732 gutiusque
362 1653 539 1715 commenta
567 1653 654 1714 sunt:

254 1773 377 1837 Livium
399 1773 477 1837 nihil
499 1772 587 1836 alind
603 1770 743 1838 voluisse
765 1790 857 1854 quam
866 1772 1021 1837 Graecam
1044 1777 1232 1837 structuram
1254 1777 1356 1836 trans-

171 1873 254 1939 ferre
275 1873 306 1937 in
329 1874 477 1954 linguam
493 1872 638 1937 Latinam
661 1877 712 1948 ct,
751 1877 783 1936 ut
803 1879 851 1936 est
871 1872 1064 1938 Graecorum
1085 1873 1223 1937 imitator
1235 1921 1244 1954 ,
1278 1872 1356 1937 nihil

171 1974 258 2038 aliud
280 1979 453 2057 spectasse,
476 1992 570 2055 quam
584 1979 617 2037 ut
628 1973 819 2056 exprimeret
846 1973 985 2039 ablativo
998 1973 1143 2039 absoluto
1155 1973 1355 2058 participium
1438 2016 1441 2022 -

171 2073 336 2139 relativum
357 2072 465 2138 aoristi
487 2071 613 2154 Graeci,
641 2077 673 2138 et
694 2074 735 2138 ob
758 2091 827 2138 eam
855 2092 984 2140 causam
1011 2074 1237 2158 interposuisse
1259 2072 1357 2156 parti-

172 2174 260 2239 culas
281 2173 488 2258 copulativae.
532 2172 602 2238 Hoc
635 2173 688 2255 qui
721 2175 848 2255 volunt,
879 2180 1002 2239 vertent
1022 2174 1120 2240 verbu
1141 2173 1275 2239 Liviana
1297 2175 1356 2240 hoc

173 2275 240 2340 fere
261 2275 372 2340 modo:

173 2435 242 2502 Liv.
265 2440 315 2520 25,
337 2441 386 2514 23,
411 2441 448 2503 15
472 2487 480 2503 .
503 2486 511 2502 .
535 2485 542 2500 .
565 2437 755 2520 διαλεχθείς
775 2461 812 2504 τε
833 2442 889 2503 καλ
911 2433 1127 2518 ἐξελόμενος.
1150 2485 1157 2500 .
1182 2483 1189 2498 .

261 2541 311 2617 42,
335 2541 426 2619 38,2
469 2589 475 2602 .
563 2535 609 2613 εἰς
640 2539 699 2623 τὴν
726 2535 897 2604 Αἰτωλίαν
929 2533 1086 2613 ἐλθόντες
1119 2537 1357 2622 διατρίψαντες

235 2645 237 2650 ’
470 2634 494 2702 τ’
520 2636 671 2720 ἐνταῦθα
696 2635 808 2720 ὀλίγας
834 2634 957 2724 ἡμέρας
983 2642 1040 2703 καλ
1061 2639 1246 2724 στρατηγὸν
1263 2663 1356 2723 ποιη-

392 2726 410 2750 ‘
473 2738 613 2820 σάμενοι
634 2739 694 2805 τὸν
713 2740 886 2807 Λύκισιιον
908 2787 916 2804 .
938 2786 946 2803 .
970 2790 976 2802 .

261 2840 312 2920 43,
335 2842 425 2920 21,5
470 2835 675 2906 ...ἐλθὼν
706 2845 762 2906 καλ
797 2835 923 2907 ἐνθάδε
957 2837 1134 2924 θεωρήσας
1174 2837 1233 2922 τὴν
1261 2857 1356 2923 στρα-
1483 2886 1489 2897 ,

470 2963 546 3005 τιαν
569 2993 576 3007 .
601 2993 606 3004 .
631 2991 639 3006 .

262 3040 313 3116 44,
344 3043 372 3119 1,
404 3041 424 3102 4
468 3092 475 3106 .
500 3092 506 3104 .
532 3089 539 3105 .
563 3038 765 3116 εἰσπλεύσας
786 3040 922 3116 καὶτὰς
943 3043 1023 3115 ναῦς
1045 3035 1224 3107 ἀπολιπών
1246 3084 1254 3099 .
1279 3090 1314 3105 ..
1469 3118 1476 3124 ι

259 3140 309 3215 44,
321 3141 371 3220 28,
383 3140 463 3206 4-5
479 3192 484 3206 .
501 3193 508 3206 .
531 3192 537 3205 .
561 3137 791 3226 περιπλεύσας
819 3145 876 3206 καὶ
896 3139 955 3216 τὰς
980 3145 1046 3204 τῶν
1085 3140 1256 3221 πολεμίων
1276 3142 1358 3228 ναῦς
1461 3140 1471 3221 ζ

472 3239 859 3318 .;.ἕξελάσας....
1487 3252 1491 3259 “

275 3383 316 3447 Et
357 3383 437 3449 alios
481 3386 567 3449 locos
610 3386 671 3451 hnc
711 3387 829 3452 relatos
871 3385 1158 3469 interpretabuntur
1201 3384 1283 3448 hunc
1325 3381 1358 3446 in

174 3484 319 3549 modum:

175 3628 242 3696 niv.
266 3636 299 3708 1,
323 3632 373 3709 29,
397 3632 414 3693 3
459 3622 690 3714 ἀπορήσαντες
712 3634 768 3695 καλ
789 3625 974 3714 ἐρωτῶντες
996 3678 1004 3694 .
1029 3683 1034 3696 .
1063 3684 1069 3697 .

261 3736 312 3810 25,
334 3734 383 3809 35,
406 3732 425 3794 2
469 3727 654 3814 στρατηγὸν
675 3727 904 3808 ἀπολέσαντες
924 3736 981 3797 καὶ
1001 3727 1189 3809 ἐλπίζοντες
1201 3732 1238 3812 1).

262 3829 317 3908 28,
350 3833 384 3910 8,
410 3833 447 3895 12
470 3880 478 3895 .
502 3879 510 3894 .
534 3877 541 3892 .
569 3825 752 3907 ἐπαινέσας
774 3883 780 3895 .
804 3879 812 3895 .
836 3881 843 3895 .
866 3836 922 3897 καλ
943 3835 1156 3916 παραινέσας

183 3948 186 3954 ’
262 3931 427 4013 41,26,3
469 3930 507 3994 τὸ
531 3937 667 4014 σημεῖον
698 3931 782 4015 ἄρας
805 3982 812 3998 .
835 3979 874 3998 ..
909 3937 967 3997 καὶ
993 3930 1033 3996 δι’
1071 3931 1184 4013 ὀλίγον
1217 3927 1357 4016 ἐποτρύ·

472 4054 533 4105 νας
555 4080 562 4094 ·
588 4078 626 4094 ..
1099 4103 1102 4108 .

262 4131 312 4211 38,
335 4133 427 4209 44,8
470 4127 711 4215 εὐσεβὴσαντες
737 4134 779 4196 τὰ
813 4139 890 4217 περὶ
909 4133 988 4211 τούς
1007 4133 1110 4211 θεοὺς
1143 4137 1199 4197 καλ
1220 4132 1357 4197 κατάλο-

473 4255 533 4312 γον
554 4230 775 4317 ποιησάμενοι
798 4280 830 4298 ..

232 4374 320 4440 Haec
341 4375 368 4440 si
391 4376 651 4461 contemplamur,
672 4398 767 4461 quam
788 4378 1102 4445 sintaccommcdata
1123 4379 1357 4461 linguaeGrae·

243 4685 272 4752 1)
291 4682 335 4742 Os.
358 4685 394 4745 Η.
415 4685 443 4741 J.
469 4683 599 4741 Muelleri
617 4683 715 4740 adnot.
733 4684 763 4739 in
782 4684 845 4742 eius
864 4681 934 4740 edit.
