3052 5130
747 422 951 484 ..50-

448 585 450 589 ’
540 601 750 687 reipublicae,
794 599 822 665 si
854 600 961 683 plures
993 598 1111 664 Fabios
1145 599 1352 682 imperatores
1387 599 1442 665 ha·

541 701 643 780 beret,
688 720 743 783 se,
785 718 846 782 quo
884 699 937 764 die
973 698 1097 764 hostem
1133 698 1283 778 vidisset,
1323 700 1443 784 perfec-

540 806 654 865 turum.

262 923 329 986 Liv·
352 925 400 999 42,
426 927 474 1004 13,
496 926 515 990 3
537 920 704 987 cernebam
732 921 945 986 nobilissimas
972 920 1069 984 Asiae
1099 925 1131 985 et
1154 919 1309 985 Graeciae
1335 922 1444 986 civita-

539 1028 587 1086 tes
610 1022 642 1084 in
664 1021 733 1085 dies
754 1021 857 1103 magis
890 1020 1086 1085 denudantes
1109 1019 1224 1084 iudicia
1253 1039 1327 1098 sna,
1360 1041 1444 1101 mox,

512 1158 515 1165 ·
539 1122 567 1186 si
587 1122 833 1205 permitteretur,
866 1140 904 1185 eo
927 1137 1149 1204 processuras,
1178 1121 1261 1184 unde
1283 1127 1444 1206 receptum

541 1220 583 1285 ad
605 1220 828 1304 paenitendum
850 1240 913 1285 non
936 1220 1099 1283 haberent.

264 1355 349 1422 Curt.
372 1358 409 1438 4,
431 1360 460 1438 3,
481 1361 519 1423 21
542 1354 613 1418 Non
636 1361 740 1417 tamen
761 1353 908 1418 defecere
931 1353 1044 1417 animis
1065 1352 1170 1435 tyrii,
1191 1372 1379 1436 quamquam
1402 1356 1443 1418 ab

542 1455 661 1535 ingenti
684 1473 741 1537 spe
763 1454 902 1517 destituti
925 1458 1034 1533 erant,
1062 1453 1118 1516 sed
1141 1453 1292 1535 coniuges
1314 1452 1442 1522 liberos-

542 1573 602 1634 que
625 1553 826 1618 devehendos
835 1553 1058 1634 Carthaginem
1082 1554 1278 1618 tradiderunt
1286 1603 1294 1634 ,
1323 1552 1443 1631 fortius,

541 1653 693 1734 quidquid
715 1653 888 1734 accideret,
910 1654 1014 1732 laturi,
1036 1655 1065 1719 si
1085 1653 1281 1718 carissimam
1301 1653 1350 1716 sui
1373 1672 1443 1735 par-

541 1758 604 1817 tem
646 1760 736 1817 extra
777 1758 894 1818 sortem
936 1754 1068 1836 periculi
1108 1752 1282 1818 communis
1317 1750 1444 1815 habuis-

540 1858 621 1918 sent.

264 1986 348 2052 (lurt.
371 1992 399 2068 5,
424 1991 477 2068 10,
496 1989 516 2050 4
537 1987 648 2067 Itaque
676 2003 740 2049 non
772 1984 859 2048 illum
883 1988 992 2063 modo,
1026 1986 1083 2049 sed
1113 1985 1209 2049 etiam
1231 1986 1446 2050 Alexandrum

541 2084 742 2170 spernebant,
764 2083 838 2148 inde
860 2085 943 2150 vires
966 2084 1089 2168 imperii
1110 2085 1283 2167 repetituri,
1305 2085 1333 2149 si
1354 2085 1446 2168 regni

541 2186 580 2250 iis
601 2184 695 2269 potiri
717 2182 912 2267 contigisset.

358 2304 454 2383 7,11,
477 2303 516 2367 23
538 2301 664 2383 Cophes
690 2301 848 2367 admissus
881 2303 1015 2367 suadere
1036 2300 1143 2385 coepit
1163 2301 1301 2366 Arimazi
1323 2306 1446 2385 petram

540 2400 665 2465 tradere
687 2403 823 2483 gratiam
853 2402 938 2484 regis
960 2402 1089 2479 inituro,
1126 2401 1154 2465 si
1182 2407 1286 2466 tantas
1308 2421 1359 2465 res
1381 2420 1445 2464 mo-

540 2501 668 2566 lientem
689 2501 722 2566 in
744 2503 835 2566 unius
856 2503 942 2585 rupis
965 2500 1129 2566 obsidione
1140 2500 1272 2568 haerere
1294 2520 1356 2566 non
1376 2520 1446 2567 coc-

541 2603 649 2684 gisset.

370 2723 399 2799 9,
422 2722 450 2800 8,
474 2723 513 2786 18
534 2717 673 2795 Quorum
696 2717 856 2801 paucitate
872 2724 1053 2800 contempta
1075 2736 1131 2783 rex
1153 2717 1340 2801 quingentos
1355 2718 1446 2799 Agri·

541 2837 619 2882 anos
651 2816 775 2903 moenia
807 2817 914 2882 subire
941 2817 1032 2883 iussit
1057 2825 1089 2883 et
1115 2817 1233 2882 sensim
1263 2818 1447 2884 recedentes

541 2918 656 2984 elicere
683 2921 774 2982 extra
801 2936 906 2982 muros
935 2918 1057 2985 hostem
1085 2924 1263 2982 secuturum
1295 2918 1447 3002 prolecto,

542 3018 569 3083 si
591 3018 701 3099 fugere
723 3035 778 3081 cos
801 3018 953 3084 crederet.

264 3135 346 3200 Flor.
359 3154 515 3218 prooem:
537 3136 570 3199 in
599 3134 688 3199 brevi
710 3135 800 3216 quasi
828 3135 947 3201 tabella
968 3142 1064 3200 totam
1093 3135 1161 3199 cius
1189 3134 1358 3218 imaginem
1381 3155 1445 3198 am·

419 3305 420 3310 γ
540 3235 674 3318 plectar,
707 3253 769 3298 non
801 3235 893 3319 nihil,
925 3243 958 3300 ut
992 3253 1102 3318 spero,
1140 3235 1181 3299 ad
1204 3234 1442 3298 admirationem

540 3334 690 3418 principis
712 3335 821 3417 populi
854 3335 1049 3416 conlaturus,
1082 3335 1110 3399 si
1143 3333 1262 3419 pariter
1283 3339 1376 3413 atque
1397 3331 1444 3392 in-

539 3433 637 3499 semel
667 3434 844 3498 universam
865 3435 1114 3517 magnitudinem
1135 3435 1202 3498 eius
1224 3431 1402 3496 ostendero.

262 3570 344 3636 Flor.
367 3571 395 3651 1,
419 3573 458 3636 28
481 3587 556 3659 pag.
578 3570 617 3634 47
640 3567 685 3631 J.:
728 3567 773 3631 ita
796 3567 1016 3633 Macedoniam
1048 3587 1138 3632 suam
1174 3565 1269 3630 armis
1301 3563 1445 3646 ferroque

539 3667 729 3749 vallaverat,
761 3674 878 3733 utnon
901 3670 1066 3750 reliquisse
1090 3667 1209 3732 aditum
1231 3666 1292 3731 nisi
1315 3685 1335 3729 a
1356 3665 1445 3728 caelo

540 3769 678 3832 venturis
700 3768 843 3832 hostibus
865 3770 1033 3834 videretur.

303 3903 411 3970 111.
443 3902 646 3986 Partieipium
676 3902 732 3966 fut.
763 3910 823 3966 aot.
853 3911 959 3986 partes
992 3901 1122 3984 suscipit
1150 3898 1302 3983 apodosis
1324 3894 1446 3979 periodi

427 4002 667 4086 hypotheticae,
690 4021 771 4084 quae
793 4011 902 4068 contra
923 4023 1031 4069 verum
1064 4001 1140 4067 ficta
1171 3999 1367 4066 coniunctivo
1390 3995 1445 4058 im-

428 4102 560 4186 perfecti
583 4110 637 4167 aut
658 4102 960 4187 plusquamperl'eoti
983 4103 1154 4167 formatur:
1259 4181 1261 4184 ι

262 4237 330 4302 liv.
352 4242 383 4318 6,
406 4241 457 4314 38,
482 4242 518 4301 11
543 4236 600 4300 sed
637 4236 788 4320 auspiciis
822 4239 924 4323 magis
958 4256 1052 4319 quam
1086 4235 1161 4299 novi
1193 4230 1329 4312 exempli
1353 4249 1446 4311 roga·

536 4337 620 4399 tione
652 4336 834 4400 deterritum
864 4343 909 4429 117
927 4336 1032 4420 potius
1060 4333 1203 4412 credam,
1240 4349 1310 4394 oum
1343 4330 1443 4412 ipsius

536 4436 596 4505 viri
631 4435 706 4501 facit
744 4436 902 4522 ingenium
1048 4441 1081 4500 et
1111 4433 1194 4516 quod
1232 4432 1365 4495 eundem
1402 4430 1443 4494 M.
