3052 5130
688 237 894 300 „22-

201 420 357 480 structura
386 415 534 499 ponenda
567 415 744 481 libertatem
773 416 1074 498 demonstravimus,
1114 423 1219 482 lamen
1241 436 1381 482 nonnun-

200 535 294 598 quam
316 517 455 580 incidere
477 516 601 580 videtur
620 516 651 579 in
673 515 832 581 levitatem
856 517 1014 601 quandam
1036 520 1067 582 iu
1097 515 1264 600 iungendis
1287 537 1382 583 enon-

199 616 266 679 tiati
290 615 447 699 partibus,
479 617 546 681 sive
569 617 731 681 immemor
752 636 869 698 eorum,
893 637 974 701 quae
995 618 1189 702 praecedunt
1209 619 1384 703 interrupta

200 716 423 780 sententiarum
436 718 583 781 continua
596 717 678 782 serie
700 717 768 782 sive
787 719 915 783 obrutus
937 720 1133 784 coacervatis
1154 719 1383 804 cumulatisquc

200 817 384 899 participiis.
407 817 476 880 Huc
499 815 632 881 referam
655 819 811 902 exempla,
833 836 916 903 quae
937 825 1063 883 exstant
1084 823 1134 898 24,
1151 823 1201 899 40,
1224 825 1257 900 53
1280 825 1331 902 28,
1352 824 1382 898 8,

205 922 242 982 l‘l
274 918 324 996 49,
347 920 397 994 38,
420 923 448 982 2.

282 1017 460 1081 Contrane
482 1016 610 1081 minoris
632 1017 834 1082 aestimemus
857 1018 936 1082 Livii
958 1019 989 1081 in
1012 1019 1230 1102 componenda
1242 1020 1382 1085 orationc

200 1120 316 1193 artem,
338 1119 506 1202 participia
528 1118 692 1201 perspicue
715 1118 915 1200 dilucideque
937 1116 1017 1181 inter
1039 1137 1073 1182 se
1096 1136 1218 1184 conexa
1240 1120 1381 1184 conside-

160 1244 163 1249 ·
199 1235 313 1297 remus,
335 1224 369 1281 ut
389 1219 524 1303 legimus
547 1224 596 1299 37,
619 1223 667 1299 12,
693 1224 709 1285 6
733 1219 937 1303 plurimisque
959 1217 1030 1282 aliis
1051 1218 1138 1283 locis¹

658 1432 917 1518 daputlll.

748 1584 835 1665 §ra
885 1596 887 1605 ¹

281 1713 339 1778 His
371 1719 570 1800 pertractatis
601 1725 799 1783 transcamus
835 1719 877 1780 ad
909 1735 980 1781 eam
1008 1716 1228 1800 disputationis
1255 1723 1383 1783 nostrae

193 1806 337 1898 partem,
369 1837 432 1899 qua
454 1838 515 1899 quo
538 1819 670 1883 consilio
693 1837 795 1901 quave
815 1823 918 1881 mente
940 1816 1047 1881 Livius
1070 1817 1227 1900 ceterique
1249 1818 1381 1904 scripto-

198 1932 248 1977 res
261 1921 325 1979 tam
336 1918 468 1985 licenter
477 1919 635 1984 iunxerint
647 1919 845 2002 participium
867 1917 1030 1982 relativum
1044 1923 1075 1981 ct
1096 1917 1271 1982 absolutum
1287 1938 1381 2000 quac-

197 2013 282 2079 ritur.
307 2018 458 2101 Diligenti
480 2022 524 2084 rei
547 2020 733 2085 tractatione
751 2019 1024 2102 grammaticorum
1042 2024 1382 2102 commentatorumque

198 2123 369 2202 praecepta
392 2125 423 2184 et
443 2122 680 2200 adnotationes,
704 2139 785 2202 quae
807 2124 932 2184 exstant
953 2120 1144 2196 examinare,
1166 2139 1294 2204 augere,
1316 2140 1381 2185 am·

197 2215 347 2297 plificare‚
371 2222 538 2304 corrigere,
562 2225 588 2287 si
610 2239 742 2286 necesse
764 2225 823 2300 est,
846 2220 999 2286 volumus.

258 2319 353 2382 Haud
375 2341 491 2404 parvus
514 2323 728 2406 exemplorum
749 2339 917 2398 numerus,
938 2321 1080 2403 inprimis
1102 2319 1231 2384 decadis
1254 2320 1381 2401 quintae

196 2416 237 2480 ad
260 2420 389 2484 verbum
412 2420 479 2486 fere
502 2424 583 2487 intcr
605 2442 640 2486 se
663 2423 877 2486 consentiunt:
912 2420 1121 2503 participium,
1144 2421 1228 2501 quod
1252 2438 1380 2502 praece·

196 2517 243 2581 dit
263 2520 428 2585 relativum
450 2523 581 2605 perlecti
603 2522 790 2607 deponentis
812 2521 853 2585 ad
878 2521 1027 2586 enuntiati
1047 2521 1221 2586 subiectum
1243 2521 1380 2586 releren-

196 2618 280 2700 dum,
303 2623 444 2704 sequitur
474 2624 659 2706 interposita
688 2621 843 2706 particula
870 2620 1049 2703 copulativa
1070 2620 1226 2685 ablativus
1256 2622 1380 2686 absolu·

195 2724 255 2802 tus,
278 2741 339 2803 quo
361 2742 423 2787 non
446 2724 547 2787 minus
570 2743 662 2807 quam
685 2722 895 2807 praecedente
919 2720 1085 2805 participio
1106 2722 1238 2786 relativo
1258 2721 1380 2804 signiti-

197 2827 300 2903 catur,
339 2824 413 2904 quid
435 2824 545 2888 lecerit
573 2824 714 2907 egeritve
736 2824 779 2904 is,
812 2823 864 2904 qui
898 2821 1038 2886 subiecto
1067 2822 1244 2887 denotatur.
1288 2821 1380 2897 Quod

166 2973 168 2978 ,
196 2922 313 2986 idcirco
335 2922 450 2988 factum
473 2943 564 3005 esse,
592 2931 626 2988 ut
647 2922 825 3006 insignitius
847 2921 1079 3004 distinguantur
1101 2928 1132 2986 et
1150 2923 1254 2987 acrius
1276 2920 1378 3003 expri-

196 3027 319 3086 mantur
340 3024 467 3106 singula
501 3031 534 3088 ut
554 3024 599 3089 ita
621 3025 724 3090 dicam
747 3023 881 3087 actionis
904 3029 1077 3101 momenta,
1102 3023 1228 3087 obvium
1257 3022 1380 3086 videtur

196 3139 267 3185 csse
289 3142 417 3188 causam
439 3125 667 3207 inquirentibus
689 3143 792 3206 neque
812 3122 894 3206 fugit
916 3143 989 3204 eos,
1023 3124 1075 3206 qui
1097 3124 1154 3188 hos
1177 3123 1263 3187 locos
1286 3122 1379 3186 inter-

198 3225 410 3305 pretantnr¹).
1297 3305 1302 3314 „

278 3326 348 3390 Hoc
370 3345 472 3390 nonne
505 3327 546 3390 ad
576 3327 770 3392 subtiliorem
803 3324 918 3389 adduci
951 3322 1052 3407 possit
1078 3322 1378 3407 interpretationem,

195 3445 277 3507 quae
309 3432 406 3490 totam
430 3427 586 3509 transigat
616 3446 681 3492 rem
704 3431 736 3489 et
756 3425 996 3507 complectatur,
1028 3425 1119 3488 nobis
1151 3424 1379 3507 explorandum

195 3528 255 3591 erit
276 3527 432 3609 simulque
456 3527 693 3610 exponendum,
727 3544 830 3589 nonne
852 3523 957 3588 valeat
978 3524 1038 3590 hoc
1059 3525 1100 3589 ad
1124 3524 1378 3609 explanationem

195 3628 382 3710 sententiae,
405 3646 487 3708 quae
509 3627 584 3691 insit
605 3627 637 3691 iu
659 3627 730 3691 aliis
754 3624 918 3708 exemplis.

745 3794 766 3874 q
788 3793 836 3856 ru.

191 3961 193 3965 .
277 3927 366 4004 Quae
388 3946 469 3992 nunc
492 3928 624 4010 primum
646 3926 902 4011 percensebimus
924 3924 1071 4006 exempla

196 4129 409 4138 ---——-—.

248 4238 276 4307 1)
296 4235 402 4292 Confer
420 4237 550 4306 inprimis
569 4237 705 4306 Nipperd.
724 4269 757 4276 -
793 4236 919 4290 Andros.
944 4237 981 4290 ad
1003 4235 1072 4294 Tac.
1091 4253 1155 4291 ann.
1176 4239 1203 4302 3,
1216 4239 1266 4309 113
1286 4240 1311 4307 1,
1325 4241 1372 4306 553

195 4330 227 4381 et
244 4326 511 4383 Weissenbornium
539 4327 576 4381 ad
595 4325 627 4380 T.
648 4325 761 4380 Livium
780 4326 823 4390 24,
842 4327 868 4386 9.
888 4326 912 4381 9.
