<?xml version="1.0" encoding="UTF-8"?>
<!DOCTYPE html PUBLIC "-//W3C//DTD XHTML 1.0 Transitional//EN"
    "http://www.w3.org/TR/xhtml1/DTD/xhtml1-transitional.dtd">
<html xmlns="http://www.w3.org/1999/xhtml" xml:lang="en" lang="en">
 <head>
  <title>
</title>
<meta http-equiv="Content-Type" content="text/html;charset=utf-8" />
  <meta name='ocr-system' content='tesseract 3.04.00' />
  <meta name='ocr-capabilities' content='ocr_page ocr_carea ocr_par ocr_line ocrx_word'/>
</head>
<body>
  <div class='ocr_page' id='page_1' title='image "./departicipiorum00kbgoog_0011.png"; bbox 0 0 3052 5130; ppageno 0'>
   <div class='ocr_carea' id='block_1_1' title="bbox 241 580 1424 1167">
    <p class='ocr_par' dir='ltr' id='par_1_1' title="bbox 241 580 1424 1062">
     <span class='ocr_line' id='line_1_1' title="bbox 241 580 1423 666; baseline 0.003 -22"><span class='ocrx_word' id='word_1_1' title='bbox 241 580 293 646; x_wconf 91' lang='lat' dir='ltr'>vel</span> <span class='ocrx_word' id='word_1_2' title='bbox 315 582 440 648; x_wconf 80' lang='lat' dir='ltr'>dativus</span> <span class='ocrx_word' id='word_1_3' title='bbox 461 583 618 666; x_wconf 90' lang='lat' dir='ltr'>participii</span> <span class='ocrx_word' id='word_1_4' title='bbox 639 583 1005 664; x_wconf 80' lang='grc'>66161161;666616611666</span> <span class='ocrx_word' id='word_1_5' title='bbox 1027 581 1185 666; x_wconf 86' lang='lat' dir='ltr'>participii</span> <span class='ocrx_word' id='word_1_6' title='bbox 1208 582 1331 647; x_wconf 81' lang='lat' dir='ltr'>relativi</span> <span class='ocrx_word' id='word_1_7' title='bbox 1353 601 1423 647; x_wconf 92' lang='lat' dir='ltr'>cum</span> 
     </span>
     <span class='ocr_line' id='line_1_2' title="bbox 241 682 1423 767; baseline 0 -22"><span class='ocrx_word' id='word_1_8' title='bbox 241 683 389 763; x_wconf 88' lang='lat' dir='ltr'>genetivo</span> <span class='ocrx_word' id='word_1_9' title='bbox 399 683 558 761; x_wconf 71' lang='lat' dir='ltr'>absoluto,</span> <span class='ocrx_word' id='word_1_10' title='bbox 581 682 884 767; x_wconf 82' lang='lat' dir='ltr'>dativusparticipii</span> <span class='ocrx_word' id='word_1_11' title='bbox 908 683 1033 747; x_wconf 81' lang='lat' dir='ltr'>relativi</span> <span class='ocrx_word' id='word_1_12' title='bbox 1054 701 1123 746; x_wconf 91' lang='lat' dir='ltr'>cum</span> <span class='ocrx_word' id='word_1_13' title='bbox 1138 682 1339 761; x_wconf 91' lang='lat' dir='ltr'>nominativo,</span> <span class='ocrx_word' id='word_1_14' title='bbox 1361 701 1423 747; x_wconf 96' lang='lat' dir='ltr'>non</span> 
     </span>
     <span class='ocr_line' id='line_1_3' title="bbox 242 781 1423 865; baseline 0.002 -22"><span class='ocrx_word' id='word_1_15' title='bbox 242 781 344 845; x_wconf 88' lang='lat' dir='ltr'>minus</span> <span class='ocrx_word' id='word_1_16' title='bbox 366 781 498 846; x_wconf 91' lang='lat' dir='ltr'>mireris.</span> <span class='ocrx_word' id='word_1_17' title='bbox 520 781 582 859; x_wconf 77' lang='lat' dir='ltr'>Qui</span> <span class='ocrx_word' id='word_1_18' title='bbox 605 801 679 847; x_wconf 90' lang='lat' dir='ltr'>usus</span> <span class='ocrx_word' id='word_1_19' title='bbox 701 783 733 846; x_wconf 93' lang='lat' dir='ltr'>in</span> <span class='ocrx_word' id='word_1_20' title='bbox 755 783 865 865; x_wconf 92' lang='lat' dir='ltr'>lingua</span> <span class='ocrx_word' id='word_1_21' title='bbox 886 802 1011 864; x_wconf 91' lang='lat' dir='ltr'>quoque</span> <span class='ocrx_word' id='word_1_22' title='bbox 1034 781 1155 860; x_wconf 88' lang='lat' dir='ltr'>Latina,</span> <span class='ocrx_word' id='word_1_23' title='bbox 1188 781 1423 847; x_wconf 78' lang='lat' dir='ltr'>liberrimus</span> 
     </span>
     <span class='ocr_line' id='line_1_4' title="bbox 242 881 1424 966; baseline 0.002 -22"><span class='ocrx_word' id='word_1_24' title='bbox 242 881 345 964; x_wconf 89' lang='lat' dir='ltr'>apud</span> <span class='ocrx_word' id='word_1_25' title='bbox 368 881 539 962; x_wconf 89' lang='lat' dir='ltr'>Livium,</span> <span class='ocrx_word' id='word_1_26' title='bbox 566 900 664 966; x_wconf 85' lang='lat' dir='ltr'>saepe</span> <span class='ocrx_word' id='word_1_27' title='bbox 696 883 777 947; x_wconf 85' lang='lat' dir='ltr'>lalso</span> <span class='ocrx_word' id='word_1_28' title='bbox 812 882 1022 948; x_wconf 86' lang='lat' dir='ltr'>iudicantibus</span> <span class='ocrx_word' id='word_1_29' title='bbox 1054 881 1269 964; x_wconf 83' lang='lat' dir='ltr'>grammaticis</span> <span class='ocrx_word' id='word_1_30' title='bbox 1298 882 1424 947; x_wconf 91' lang='lat' dir='ltr'>editori-</span> 
     </span>
     <span class='ocr_line' id='line_1_5' title="bbox 243 979 574 1062; baseline -0.006 -17"><span class='ocrx_word' id='word_1_31' title='bbox 243 981 374 1062; x_wconf 83' lang='lat' dir='ltr'>busque,</span> <span class='ocrx_word' id='word_1_32' title='bbox 396 979 574 1046; x_wconf 83' lang='lat' dir='ltr'>invenitur&#39;.</span> 
     </span>
    </p>

    <p class='ocr_par' dir='ltr' id='par_1_2' title="bbox 325 1080 1422 1167">
     <span class='ocr_line' id='line_1_6' title="bbox 325 1080 1422 1167; baseline 0 -21"><span class='ocrx_word' id='word_1_33' title='bbox 325 1080 367 1146; x_wconf 90' lang='lat' dir='ltr'>Ut</span> <span class='ocrx_word' id='word_1_34' title='bbox 389 1080 473 1162; x_wconf 94' lang='lat' dir='ltr'>quod</span> <span class='ocrx_word' id='word_1_35' title='bbox 495 1080 601 1146; x_wconf 86' lang='lat' dir='ltr'>docuit</span> <span class='ocrx_word' id='word_1_36' title='bbox 622 1082 776 1164; x_wconf 87' lang='lat' dir='ltr'>exemplis</span> <span class='ocrx_word' id='word_1_37' title='bbox 799 1083 910 1164; x_wconf 88' lang='lat' dir='ltr'>probet</span> <span class='ocrx_word' id='word_1_38' title='bbox 931 1088 1100 1167; x_wconf 91' lang='lat' dir='ltr'>ornetque,</span> <span class='ocrx_word' id='word_1_39' title='bbox 1133 1081 1254 1146; x_wconf 81' lang='lat' dir='ltr'>confert</span> <span class='ocrx_word' id='word_1_40' title='bbox 1276 1101 1316 1146; x_wconf 86' lang='lat' dir='ltr'>ex</span> <span class='ocrx_word' id='word_1_41' title='bbox 1337 1080 1422 1146; x_wconf 92' lang='lat' dir='ltr'>Thu·</span> 
     </span>
    </p>
   </div>
   <div class='ocr_carea' id='block_1_2' title="bbox 241 1179 1424 1862">
    <p class='ocr_par' dir='ltr' id='par_1_3' title="bbox 241 1179 1423 1444">
     <span class='ocr_line' id='line_1_7' title="bbox 243 1179 1423 1264; baseline 0 -20"><span class='ocrx_word' id='word_1_42' title='bbox 243 1179 358 1263; x_wconf 92' lang='lat' dir='ltr'>cydide</span> <span class='ocrx_word' id='word_1_43' title='bbox 380 1187 518 1263; x_wconf 86' lang='lat' dir='ltr'>septem,</span> <span class='ocrx_word' id='word_1_44' title='bbox 552 1199 609 1245; x_wconf 84' lang='lat' dir='ltr'>sex</span> <span class='ocrx_word' id='word_1_45' title='bbox 633 1199 651 1245; x_wconf 90' lang='grc'>6</span> <span class='ocrx_word' id='word_1_46' title='bbox 672 1181 893 1264; x_wconf 85' lang='lat' dir='ltr'>Xenophonte,</span> <span class='ocrx_word' id='word_1_47' title='bbox 928 1181 1099 1246; x_wconf 90' lang='lat' dir='ltr'>ePlatone</span> <span class='ocrx_word' id='word_1_48' title='bbox 1122 1186 1283 1263; x_wconf 87' lang='lat' dir='ltr'>quattuor,</span> <span class='ocrx_word' id='word_1_49' title='bbox 1320 1183 1423 1245; x_wconf 94' lang='lat' dir='ltr'>duoe</span> 
     </span>
     <span class='ocr_line' id='line_1_8' title="bbox 241 1280 1423 1365; baseline 0.002 -22"><span class='ocrx_word' id='word_1_50' title='bbox 241 1280 350 1364; x_wconf 86' lang='lat' dir='ltr'>Lysia,</span> <span class='ocrx_word' id='word_1_51' title='bbox 374 1280 617 1346; x_wconf 88' lang='lat' dir='ltr'>eDemostbene</span> <span class='ocrx_word' id='word_1_52' title='bbox 639 1288 671 1345; x_wconf 91' lang='lat' dir='ltr'>et</span> <span class='ocrx_word' id='word_1_53' title='bbox 693 1281 833 1346; x_wconf 87' lang='lat' dir='ltr'>Isocrate</span> <span class='ocrx_word' id='word_1_54' title='bbox 854 1282 990 1363; x_wconf 87' lang='lat' dir='ltr'>singula,</span> <span class='ocrx_word' id='word_1_55' title='bbox 1015 1281 1189 1363; x_wconf 92' lang='lat' dir='ltr'>dequibus</span> <span class='ocrx_word' id='word_1_56' title='bbox 1212 1280 1294 1346; x_wconf 86' lang='lat' dir='ltr'>infra</span> <span class='ocrx_word' id='word_1_57' title='bbox 1315 1281 1423 1365; x_wconf 91' lang='lat' dir='ltr'>dispu-</span> 
     </span>
     <span class='ocr_line' id='line_1_9' title="bbox 242 1379 368 1444; baseline -0.008 0"><span class='ocrx_word' id='word_1_58' title='bbox 242 1379 368 1444; x_wconf 85' lang='lat' dir='ltr'>tabitur.</span> 
     </span>
    </p>

    <p class='ocr_par' dir='ltr' id='par_1_4' title="bbox 242 1478 1424 1862">
     <span class='ocr_line' id='line_1_10' title="bbox 323 1478 1423 1562; baseline 0.002 -20"><span class='ocrx_word' id='word_1_59' title='bbox 323 1478 361 1542; x_wconf 89' lang='lat' dir='ltr'>In</span> <span class='ocrx_word' id='word_1_60' title='bbox 382 1481 597 1561; x_wconf 88' lang='lat' dir='ltr'>grammaticis</span> <span class='ocrx_word' id='word_1_61' title='bbox 619 1486 724 1545; x_wconf 88' lang='lat' dir='ltr'>autem</span> <span class='ocrx_word' id='word_1_62' title='bbox 746 1480 938 1544; x_wconf 87' lang='lat' dir='ltr'>auctioribus</span> <span class='ocrx_word' id='word_1_63' title='bbox 949 1482 1128 1562; x_wconf 89' lang='lat' dir='ltr'>nuperrime</span> <span class='ocrx_word' id='word_1_64' title='bbox 1147 1481 1249 1559; x_wconf 89' lang='lat' dir='ltr'>editis,</span> <span class='ocrx_word' id='word_1_65' title='bbox 1271 1480 1423 1545; x_wconf 74' lang='grc'>61116616-</span> 
     </span>
     <span class='ocr_line' id='line_1_11' title="bbox 242 1580 1422 1663; baseline 0.001 -20"><span class='ocrx_word' id='word_1_66' title='bbox 242 1580 311 1643; x_wconf 90' lang='grc'>6661</span> <span class='ocrx_word' id='word_1_67' title='bbox 333 1582 543 1661; x_wconf 83' lang='lat' dir='ltr'>grammatica</span> <span class='ocrx_word' id='word_1_68' title='bbox 564 1581 678 1644; x_wconf 90' lang='lat' dir='ltr'>Latina</span> <span class='ocrx_word' id='word_1_69' title='bbox 699 1580 839 1645; x_wconf 90' lang='lat' dir='ltr'>auctiore</span> <span class='ocrx_word' id='word_1_70' title='bbox 863 1580 939 1643; x_wconf 91' lang='lat' dir='ltr'>anni</span> <span class='ocrx_word' id='word_1_71' title='bbox 957 1582 1046 1659; x_wconf 93' lang='grc'>1878,</span> <span class='ocrx_word' id='word_1_72' title='bbox 1069 1581 1223 1663; x_wconf 88' lang='lat' dir='ltr'>Draegeri</span> <span class='ocrx_word' id='word_1_73' title='bbox 1246 1586 1329 1663; x_wconf 88' lang='lat' dir='ltr'>synt.</span> <span class='ocrx_word' id='word_1_74' title='bbox 1351 1581 1422 1644; x_wconf 92' lang='lat' dir='ltr'>hist.</span> 
     </span>
     <span class='ocr_line' id='line_1_12' title="bbox 243 1678 1424 1764; baseline -0.001 -20"><span class='ocrx_word' id='word_1_75' title='bbox 243 1680 329 1746; x_wconf 84' lang='lat' dir='ltr'>ed.2.</span> <span class='ocrx_word' id='word_1_76' title='bbox 352 1680 528 1758; x_wconf 87' lang='grc'>66611878,</span> <span class='ocrx_word' id='word_1_77' title='bbox 551 1680 730 1746; x_wconf 85' lang='lat' dir='ltr'>Grossravii</span> <span class='ocrx_word' id='word_1_78' title='bbox 751 1699 884 1762; x_wconf 89' lang='lat' dir='ltr'>gramm.</span> <span class='ocrx_word' id='word_1_79' title='bbox 906 1678 1022 1744; x_wconf 87' lang='lat' dir='ltr'>Latina</span> <span class='ocrx_word' id='word_1_80' title='bbox 1044 1681 1211 1747; x_wconf 85' lang='grc'>66611880</span> <span class='ocrx_word' id='word_1_81' title='bbox 1227 1682 1354 1764; x_wconf 75' lang='grc'>(61.2.)</span> <span class='ocrx_word' id='word_1_82' title='bbox 1370 1680 1424 1745; x_wconf 85' lang='lat' dir='ltr'>vix</span> 
     </span>
     <span class='ocr_line' id='line_1_13' title="bbox 243 1779 1201 1862; baseline -0.002 -18"><span class='ocrx_word' id='word_1_83' title='bbox 243 1781 353 1845; x_wconf 89' lang='lat' dir='ltr'>leviter</span> <span class='ocrx_word' id='word_1_84' title='bbox 374 1780 573 1862; x_wconf 81' lang='lat' dir='ltr'>perstrictam</span> <span class='ocrx_word' id='word_1_85' title='bbox 594 1781 736 1845; x_wconf 89' lang='lat' dir='ltr'>invenies</span> <span class='ocrx_word' id='word_1_86' title='bbox 758 1799 829 1844; x_wconf 88' lang='lat' dir='ltr'>eam</span> <span class='ocrx_word' id='word_1_87' title='bbox 851 1781 890 1844; x_wconf 91' lang='lat' dir='ltr'>de</span> <span class='ocrx_word' id='word_1_88' title='bbox 913 1799 976 1861; x_wconf 91' lang='lat' dir='ltr'>qua</span> <span class='ocrx_word' id='word_1_89' title='bbox 999 1779 1103 1862; x_wconf 90' lang='lat' dir='ltr'>agitur</span> <span class='ocrx_word' id='word_1_90' title='bbox 1124 1800 1201 1846; x_wconf 90' lang='lat' dir='ltr'>rem.</span> 
     </span>
    </p>
   </div>
   <div class='ocr_carea' id='block_1_3' title="bbox 792 1946 865 2024">
    <p class='ocr_par' dir='ltr' id='par_1_5' title="bbox 792 1946 865 2024">
     <span class='ocr_line' id='line_1_14' title="bbox 792 1946 865 2024; baseline -0.014 -16"><span class='ocrx_word' id='word_1_91' title='bbox 792 1946 865 2024; x_wconf 58' lang='grc'>84.</span> 
     </span>
    </p>
   </div>
   <div class='ocr_carea' id='block_1_4' title="bbox 242 2077 1424 3464">
    <p class='ocr_par' dir='ltr' id='par_1_6' title="bbox 242 2077 1424 2946">
     <span class='ocr_line' id='line_1_15' title="bbox 324 2077 1424 2163; baseline -0.003 -19"><span class='ocrx_word' id='word_1_92' title='bbox 324 2081 367 2145; x_wconf 87' lang='lat' dir='ltr'>At</span> <span class='ocrx_word' id='word_1_93' title='bbox 394 2081 485 2163; x_wconf 89' lang='lat' dir='ltr'>plura</span> <span class='ocrx_word' id='word_1_94' title='bbox 514 2078 666 2143; x_wconf 90' lang='lat' dir='ltr'>debemus</span> <span class='ocrx_word' id='word_1_95' title='bbox 687 2077 892 2160; x_wconf 88' lang='lat' dir='ltr'>Nipperdeii,</span> <span class='ocrx_word' id='word_1_96' title='bbox 927 2077 1028 2141; x_wconf 85' lang='lat' dir='ltr'>Taciti</span> <span class='ocrx_word' id='word_1_97' title='bbox 1061 2077 1424 2158; x_wconf 75' lang='grc'>66116616(661.7.6661</span> 
     </span>
     <span class='ocr_line' id='line_1_16' title="bbox 244 2176 1424 2261; baseline -0.003 -17"><span class='ocrx_word' id='word_1_98' title='bbox 244 2184 334 2259; x_wconf 88' lang='grc'>1879,</span> <span class='ocrx_word' id='word_1_99' title='bbox 357 2186 466 2246; x_wconf 87' lang='grc'>666616</span> <span class='ocrx_word' id='word_1_100' title='bbox 486 2179 527 2244; x_wconf 83' lang='grc'>616</span> <span class='ocrx_word' id='word_1_101' title='bbox 549 2178 787 2261; x_wconf 63' lang='grc'>(1161166666)</span> <span class='ocrx_word' id='word_1_102' title='bbox 811 2176 932 2260; x_wconf 90' lang='lat' dir='ltr'>argutis</span> <span class='ocrx_word' id='word_1_103' title='bbox 953 2177 994 2241; x_wconf 88' lang='lat' dir='ltr'>ad</span> <span class='ocrx_word' id='word_1_104' title='bbox 1016 2176 1118 2241; x_wconf 86' lang='lat' dir='ltr'>Taciti</span> <span class='ocrx_word' id='word_1_105' title='bbox 1138 2177 1271 2242; x_wconf 89' lang='lat' dir='ltr'>annales</span> <span class='ocrx_word' id='word_1_106' title='bbox 1293 2177 1424 2241; x_wconf 90' lang='lat' dir='ltr'>adnota-</span> 
     </span>
     <span class='ocr_line' id='line_1_17' title="bbox 242 2276 1424 2360; baseline -0.003 -16"><span class='ocrx_word' id='word_1_107' title='bbox 242 2282 379 2345; x_wconf 90' lang='lat' dir='ltr'>tionibus</span> <span class='ocrx_word' id='word_1_108' title='bbox 401 2280 459 2345; x_wconf 93' lang='lat' dir='ltr'>sub</span> <span class='ocrx_word' id='word_1_109' title='bbox 480 2280 506 2360; x_wconf 93' lang='lat' dir='ltr'>I,</span> <span class='ocrx_word' id='word_1_110' title='bbox 529 2280 568 2345; x_wconf 80' lang='grc'>516</span> <span class='ocrx_word' id='word_1_111' title='bbox 591 2286 622 2342; x_wconf 98' lang='grc'>61</span> <span class='ocrx_word' id='word_1_112' title='bbox 640 2277 697 2356; x_wconf 93' lang='lat' dir='ltr'>lIl,</span> <span class='ocrx_word' id='word_1_113' title='bbox 723 2283 778 2358; x_wconf 87' lang='lat'>11,</span> <span class='ocrx_word' id='word_1_114' title='bbox 813 2277 925 2358; x_wconf 89' lang='lat' dir='ltr'>quibus</span> <span class='ocrx_word' id='word_1_115' title='bbox 960 2278 1023 2340; x_wconf 91' lang='lat' dir='ltr'>iam</span> <span class='ocrx_word' id='word_1_116' title='bbox 1045 2276 1130 2360; x_wconf 91' lang='lat' dir='ltr'>apud</span> <span class='ocrx_word' id='word_1_117' title='bbox 1162 2296 1279 2342; x_wconf 88' lang='lat' dir='ltr'>aureae</span> <span class='ocrx_word' id='word_1_118' title='bbox 1310 2278 1424 2341; x_wconf 88' lang='lat' dir='ltr'>aetatis</span> 
     </span>
     <span class='ocr_line' id='line_1_18' title="bbox 242 2378 1424 2462; baseline -0.004 -17"><span class='ocrx_word' id='word_1_119' title='bbox 242 2382 411 2462; x_wconf 88' lang='lat' dir='ltr'>scriptores</span> <span class='ocrx_word' id='word_1_120' title='bbox 432 2398 654 2460; x_wconf 88' lang='lat' dir='ltr'>nonnunquam</span> <span class='ocrx_word' id='word_1_121' title='bbox 677 2397 743 2443; x_wconf 88' lang='lat' dir='ltr'>rem</span> <span class='ocrx_word' id='word_1_122' title='bbox 765 2397 859 2442; x_wconf 89' lang='lat' dir='ltr'>unam</span> <span class='ocrx_word' id='word_1_123' title='bbox 880 2385 1010 2458; x_wconf 90' lang='lat' dir='ltr'>arteque</span> <span class='ocrx_word' id='word_1_124' title='bbox 1032 2395 1184 2443; x_wconf 83' lang='lat' dir='ltr'>conexam</span> <span class='ocrx_word' id='word_1_125' title='bbox 1207 2378 1238 2440; x_wconf 93' lang='lat' dir='ltr'>in</span> <span class='ocrx_word' id='word_1_126' title='bbox 1261 2378 1341 2441; x_wconf 90' lang='lat' dir='ltr'>duas</span> <span class='ocrx_word' id='word_1_127' title='bbox 1361 2378 1424 2441; x_wconf 88' lang='lat' dir='ltr'>dis·</span> 
     </span>
     <span class='ocr_line' id='line_1_19' title="bbox 243 2475 1423 2560; baseline -0.003 -17"><span class='ocrx_word' id='word_1_128' title='bbox 243 2478 322 2543; x_wconf 92' lang='lat' dir='ltr'>solvi</span> <span class='ocrx_word' id='word_1_129' title='bbox 344 2479 488 2544; x_wconf 90' lang='lat' dir='ltr'>notiones</span> <span class='ocrx_word' id='word_1_130' title='bbox 510 2478 696 2560; x_wconf 86' lang='lat' dir='ltr'>interposita</span> <span class='ocrx_word' id='word_1_131' title='bbox 717 2478 935 2543; x_wconf 89' lang='lat' dir='ltr'>coniunctione</span> <span class='ocrx_word' id='word_1_132' title='bbox 958 2477 1137 2560; x_wconf 90' lang='lat' dir='ltr'>copulativa</span> <span class='ocrx_word' id='word_1_133' title='bbox 1156 2475 1255 2553; x_wconf 91' lang='lat' dir='ltr'>docet,</span> <span class='ocrx_word' id='word_1_134' title='bbox 1278 2477 1423 2559; x_wconf 89' lang='lat' dir='ltr'>frequen-</span> 
     </span>
     <span class='ocr_line' id='line_1_20' title="bbox 243 2575 1424 2658; baseline -0.002 -17"><span class='ocrx_word' id='word_1_135' title='bbox 243 2581 305 2642; x_wconf 89' lang='lat' dir='ltr'>tius</span> <span class='ocrx_word' id='word_1_136' title='bbox 327 2580 388 2643; x_wconf 92' lang='lat' dir='ltr'>hoc</span> <span class='ocrx_word' id='word_1_137' title='bbox 419 2583 452 2642; x_wconf 89' lang='grc'>61</span> <span class='ocrx_word' id='word_1_138' title='bbox 472 2577 598 2641; x_wconf 92' lang='lat' dir='ltr'>obvium</span> <span class='ocrx_word' id='word_1_139' title='bbox 626 2577 658 2640; x_wconf 94' lang='lat' dir='ltr'>in</span> <span class='ocrx_word' id='word_1_140' title='bbox 685 2577 787 2641; x_wconf 81' lang='lat' dir='ltr'>Taciti</span> <span class='ocrx_word' id='word_1_141' title='bbox 814 2576 939 2658; x_wconf 89' lang='lat' dir='ltr'>scriptis</span> <span class='ocrx_word' id='word_1_142' title='bbox 973 2595 1044 2640; x_wconf 88' lang='lat' dir='ltr'>esse</span> <span class='ocrx_word' id='word_1_143' title='bbox 1072 2575 1218 2656; x_wconf 85' lang='lat' dir='ltr'>affirmat,</span> <span class='ocrx_word' id='word_1_144' title='bbox 1257 2577 1424 2658; x_wconf 89' lang='lat' dir='ltr'>multisque</span> 
     </span>
     <span class='ocr_line' id='line_1_21' title="bbox 244 2674 1423 2762; baseline -0.004 -18"><span class='ocrx_word' id='word_1_145' title='bbox 244 2677 398 2762; x_wconf 84' lang='lat' dir='ltr'>exemplis</span> <span class='ocrx_word' id='word_1_146' title='bbox 421 2676 603 2742; x_wconf 82' lang='lat' dir='ltr'>eCicerone</span> <span class='ocrx_word' id='word_1_147' title='bbox 627 2680 685 2758; x_wconf 86' lang='grc'>(1),</span> <span class='ocrx_word' id='word_1_148' title='bbox 707 2677 845 2742; x_wconf 79' lang='lat' dir='ltr'>Caesare</span> <span class='ocrx_word' id='word_1_149' title='bbox 858 2675 921 2761; x_wconf 85' lang='lat'>(1),</span> <span class='ocrx_word' id='word_1_150' title='bbox 944 2675 1102 2757; x_wconf 78' lang='lat' dir='ltr'>Livio(3),</span> <span class='ocrx_word' id='word_1_151' title='bbox 1123 2674 1234 2740; x_wconf 92' lang='lat' dir='ltr'>Tacito</span> <span class='ocrx_word' id='word_1_152' title='bbox 1256 2681 1323 2758; x_wconf 80' lang='grc'>(25)</span> <span class='ocrx_word' id='word_1_153' title='bbox 1346 2676 1423 2740; x_wconf 88' lang='grc'>6116-</span> 
     </span>
     <span class='ocr_line' id='line_1_22' title="bbox 243 2775 1424 2860; baseline -0.004 -16"><span class='ocrx_word' id='word_1_154' title='bbox 243 2781 283 2845; x_wconf 90' lang='lat' dir='ltr'>tis</span> <span class='ocrx_word' id='word_1_155' title='bbox 315 2798 381 2843; x_wconf 91' lang='lat' dir='ltr'>rem</span> <span class='ocrx_word' id='word_1_156' title='bbox 410 2777 538 2860; x_wconf 88' lang='lat' dir='ltr'>probat,</span> <span class='ocrx_word' id='word_1_157' title='bbox 576 2776 661 2858; x_wconf 88' lang='lat' dir='ltr'>apud</span> <span class='ocrx_word' id='word_1_158' title='bbox 689 2776 907 2858; x_wconf 85' lang='lat' dir='ltr'>Thucydidem</span> <span class='ocrx_word' id='word_1_159' title='bbox 937 2775 1054 2840; x_wconf 88' lang='lat' dir='ltr'>similia</span> <span class='ocrx_word' id='word_1_160' title='bbox 1084 2782 1209 2840; x_wconf 85' lang='lat' dir='ltr'>exstare</span> <span class='ocrx_word' id='word_1_161' title='bbox 1243 2777 1302 2841; x_wconf 90' lang='lat' dir='ltr'>sub</span> <span class='ocrx_word' id='word_1_162' title='bbox 1331 2775 1424 2840; x_wconf 91' lang='lat' dir='ltr'>finem</span> 
     </span>
     <span class='ocr_line' id='line_1_23' title="bbox 243 2879 340 2946; baseline 0.01 -1"><span class='ocrx_word' id='word_1_163' title='bbox 243 2879 340 2946; x_wconf 86' lang='lat' dir='ltr'>addit.</span> 
     </span>
    </p>

    <p class='ocr_par' dir='ltr' id='par_1_7' title="bbox 242 2974 1423 3464">
     <span class='ocr_line' id='line_1_24' title="bbox 325 2974 1423 3058; baseline -0.001 -16"><span class='ocrx_word' id='word_1_164' title='bbox 325 2979 383 3042; x_wconf 91' lang='lat' dir='ltr'>His</span> <span class='ocrx_word' id='word_1_165' title='bbox 405 2976 601 3055; x_wconf 78' lang='lat' dir='ltr'>adiciamus,</span> <span class='ocrx_word' id='word_1_166' title='bbox 624 2994 705 3056; x_wconf 91' lang='lat' dir='ltr'>quae</span> <span class='ocrx_word' id='word_1_167' title='bbox 726 2974 911 3040; x_wconf 89' lang='lat' dir='ltr'>Theodorus</span> <span class='ocrx_word' id='word_1_168' title='bbox 933 2975 1036 3058; x_wconf 83' lang='lat' dir='ltr'>Vogel</span> <span class='ocrx_word' id='word_1_169' title='bbox 1058 2975 1088 3039; x_wconf 94' lang='lat' dir='ltr'>in</span> <span class='ocrx_word' id='word_1_170' title='bbox 1111 2975 1290 3057; x_wconf 90' lang='lat' dir='ltr'>prolusione</span> <span class='ocrx_word' id='word_1_171' title='bbox 1313 2974 1423 3041; x_wconf 90' lang='lat' dir='ltr'>editio·</span> 
     </span>
     <span class='ocr_line' id='line_1_25' title="bbox 242 3074 1423 3157; baseline -0.002 -12"><span class='ocrx_word' id='word_1_172' title='bbox 242 3078 400 3145; x_wconf 81' lang='lat' dir='ltr'>nisOurtii</span> <span class='ocrx_word' id='word_1_173' title='bbox 422 3075 645 3142; x_wconf 86' lang='lat' dir='ltr'>commentario</span> <span class='ocrx_word' id='word_1_174' title='bbox 658 3075 826 3139; x_wconf 89' lang='lat' dir='ltr'>instructae</span> <span class='ocrx_word' id='word_1_175' title='bbox 844 3074 943 3157; x_wconf 85' lang='lat' dir='ltr'>(Lips.</span> <span class='ocrx_word' id='word_1_176' title='bbox 957 3074 1042 3156; x_wconf 86' lang='lat' dir='ltr'>apud</span> <span class='ocrx_word' id='word_1_177' title='bbox 1054 3074 1173 3139; x_wconf 91' lang='lat' dir='ltr'>Teubn.</span> <span class='ocrx_word' id='word_1_178' title='bbox 1192 3076 1241 3139; x_wconf 90' lang='lat' dir='ltr'>ed.</span> <span class='ocrx_word' id='word_1_179' title='bbox 1252 3079 1279 3141; x_wconf 86' lang='lat'>3.</span> <span class='ocrx_word' id='word_1_180' title='bbox 1288 3095 1318 3140; x_wconf 91' lang='lat' dir='ltr'>a.</span> <span class='ocrx_word' id='word_1_181' title='bbox 1344 3079 1423 3143; x_wconf 82' lang='grc'>1885</span> 
     </span>
     <span class='ocr_line' id='line_1_26' title="bbox 243 3175 1423 3263; baseline -0.005 -18"><span class='ocrx_word' id='word_1_182' title='bbox 243 3182 321 3245; x_wconf 88' lang='lat' dir='ltr'>fasc.</span> <span class='ocrx_word' id='word_1_183' title='bbox 345 3177 384 3263; x_wconf 86' lang='lat' dir='ltr'>l.)</span> <span class='ocrx_word' id='word_1_184' title='bbox 405 3179 423 3259; x_wconf 65' lang='grc' dir='ltr'><strong>ξ</strong></span> <span class='ocrx_word' id='word_1_185' title='bbox 448 3180 506 3242; x_wconf 80' lang='grc'>152</span> <span class='ocrx_word' id='word_1_186' title='bbox 529 3182 560 3240; x_wconf 90' lang='grc'>61</span> <span class='ocrx_word' id='word_1_187' title='bbox 583 3179 603 3255; x_wconf 58' lang='lat' dir='ltr'>g</span> <span class='ocrx_word' id='word_1_188' title='bbox 627 3180 686 3241; x_wconf 87' lang='grc'>167</span> <span class='ocrx_word' id='word_1_189' title='bbox 709 3176 740 3238; x_wconf 87' lang='grc'>16</span> <span class='ocrx_word' id='word_1_190' title='bbox 763 3175 939 3257; x_wconf 84' lang='lat' dir='ltr'>appendice</span> <span class='ocrx_word' id='word_1_191' title='bbox 961 3175 1149 3257; x_wconf 86' lang='lat' dir='ltr'>prolusionis</span> <span class='ocrx_word' id='word_1_192' title='bbox 1171 3176 1316 3259; x_wconf 85' lang='lat' dir='ltr'>exponit:</span> <span class='ocrx_word' id='word_1_193' title='bbox 1338 3175 1423 3239; x_wconf 90' lang='lat' dir='ltr'>baud</span> 
     </span>
     <span class='ocr_line' id='line_1_27' title="bbox 242 3274 1423 3359; baseline -0.005 -15"><span class='ocrx_word' id='word_1_194' title='bbox 242 3299 314 3344; x_wconf 86' lang='lat' dir='ltr'>raro</span> <span class='ocrx_word' id='word_1_195' title='bbox 337 3298 408 3343; x_wconf 89' lang='lat' dir='ltr'>eam</span> <span class='ocrx_word' id='word_1_196' title='bbox 430 3294 501 3341; x_wconf 90' lang='grc'>6666</span> <span class='ocrx_word' id='word_1_197' title='bbox 522 3274 708 3359; x_wconf 89' lang='lat' dir='ltr'>particulam</span> <span class='ocrx_word' id='word_1_198' title='bbox 731 3275 941 3357; x_wconf 88' lang='lat' dir='ltr'>copulativam</span> <span class='ocrx_word' id='word_1_199' title='bbox 963 3276 1049 3358; x_wconf 87' lang='lat' dir='ltr'>apud</span> <span class='ocrx_word' id='word_1_200' title='bbox 1072 3275 1227 3355; x_wconf 79' lang='lat' dir='ltr'>Curtium,</span> <span class='ocrx_word' id='word_1_201' title='bbox 1256 3294 1350 3357; x_wconf 92' lang='lat' dir='ltr'>quam</span> <span class='ocrx_word' id='word_1_202' title='bbox 1371 3294 1423 3340; x_wconf 94' lang='lat' dir='ltr'>su-</span> 
     </span>
     <span class='ocr_line' id='line_1_28' title="bbox 242 3374 1423 3464; baseline -0.003 -20"><span class='ocrx_word' id='word_1_203' title='bbox 242 3396 472 3464; x_wconf 88' lang='lat' dir='ltr'>pervacaneam</span> <span class='ocrx_word' id='word_1_204' title='bbox 494 3375 604 3440; x_wconf 90' lang='lat' dir='ltr'>deleas</span> <span class='ocrx_word' id='word_1_205' title='bbox 626 3380 657 3438; x_wconf 90' lang='lat' dir='ltr'>et</span> <span class='ocrx_word' id='word_1_206' title='bbox 677 3374 852 3450; x_wconf 89' lang='lat' dir='ltr'>molestam,</span> <span class='ocrx_word' id='word_1_207' title='bbox 874 3375 1003 3438; x_wconf 89' lang='lat' dir='ltr'>sicutsi</span> <span class='ocrx_word' id='word_1_208' title='bbox 1024 3375 1199 3440; x_wconf 83' lang='grc'>6661666166</span> <span class='ocrx_word' id='word_1_209' title='bbox 1221 3375 1301 3440; x_wconf 90' lang='lat' dir='ltr'>inter</span> <span class='ocrx_word' id='word_1_210' title='bbox 1321 3393 1357 3439; x_wconf 92' lang='grc'>66</span> <span class='ocrx_word' id='word_1_211' title='bbox 1368 3395 1423 3459; x_wconf 93' lang='lat' dir='ltr'>op·</span> 
     </span>
    </p>
   </div>
   <div class='ocr_carea' id='block_1_5' title="bbox 145 3475 1423 3563">
    <p class='ocr_par' dir='ltr' id='par_1_8' title="bbox 145 3475 1423 3563">
     <span class='ocr_line' id='line_1_29' title="bbox 145 3475 1423 3563; baseline -0.002 -20"><span class='ocrx_word' id='word_1_212' title='bbox 145 3536 149 3543; x_wconf 93' lang='grc'>.</span> <span class='ocrx_word' id='word_1_213' title='bbox 244 3484 398 3563; x_wconf 86' lang='grc'>66666166</span> <span class='ocrx_word' id='word_1_214' title='bbox 419 3475 595 3541; x_wconf 84' lang='grc'>6661661166</span> <span class='ocrx_word' id='word_1_215' title='bbox 629 3476 671 3554; x_wconf 85' lang='grc'>(3,</span> <span class='ocrx_word' id='word_1_216' title='bbox 694 3479 723 3554; x_wconf 84' lang='lat'>3,</span> <span class='ocrx_word' id='word_1_217' title='bbox 745 3479 799 3555; x_wconf 76' lang='grc'>22,</span> <span class='ocrx_word' id='word_1_218' title='bbox 832 3476 863 3555; x_wconf 82' lang='grc'>4,</span> <span class='ocrx_word' id='word_1_219' title='bbox 885 3477 913 3554; x_wconf 90' lang='grc'>9,</span> <span class='ocrx_word' id='word_1_220' title='bbox 936 3481 969 3554; x_wconf 73' lang='lat' dir='ltr'>b,</span> <span class='ocrx_word' id='word_1_221' title='bbox 1006 3476 1036 3554; x_wconf 88' lang='grc'>6,</span> <span class='ocrx_word' id='word_1_222' title='bbox 1058 3479 1086 3551; x_wconf 88' lang='grc'>4,</span> <span class='ocrx_word' id='word_1_223' title='bbox 1110 3476 1162 3554; x_wconf 84' lang='grc'>17;</span> <span class='ocrx_word' id='word_1_224' title='bbox 1196 3481 1225 3556; x_wconf 88' lang='grc'>7,</span> <span class='ocrx_word' id='word_1_225' title='bbox 1248 3479 1276 3555; x_wconf 87' lang='grc'>8,</span> <span class='ocrx_word' id='word_1_226' title='bbox 1303 3479 1355 3556; x_wconf 76' lang='grc'>17,</span> <span class='ocrx_word' id='word_1_227' title='bbox 1393 3478 1423 3555; x_wconf 88' lang='grc'>9,</span> 
     </span>
    </p>
   </div>
   <div class='ocr_carea' id='block_1_6' title="bbox 241 3573 1424 4460">
    <p class='ocr_par' dir='ltr' id='par_1_9' title="bbox 244 3573 1423 3760">
     <span class='ocr_line' id='line_1_30' title="bbox 245 3573 1423 3663; baseline -0.005 -19"><span class='ocrx_word' id='word_1_228' title='bbox 245 3583 294 3662; x_wconf 89' lang='grc'>19,</span> <span class='ocrx_word' id='word_1_229' title='bbox 316 3578 366 3663; x_wconf 83' lang='grc'>7);</span> <span class='ocrx_word' id='word_1_230' title='bbox 402 3577 430 3642; x_wconf 84' lang='grc'>61</span> <span class='ocrx_word' id='word_1_231' title='bbox 452 3573 675 3661; x_wconf 87' lang='lat' dir='ltr'>participia</span> <span class='ocrx_word' id='word_1_232' title='bbox 696 3574 865 3656; x_wconf 87' lang='lat' dir='ltr'>imparia</span> <span class='ocrx_word' id='word_1_233' title='bbox 897 3574 1114 3655; x_wconf 86' lang='lat' dir='ltr'>iungantur</span> <span class='ocrx_word' id='word_1_234' title='bbox 1145 3574 1242 3656; x_wconf 82' lang='lat' dir='ltr'>(Curt.</span> <span class='ocrx_word' id='word_1_235' title='bbox 1265 3575 1294 3652; x_wconf 89' lang='lat'>3,</span> <span class='ocrx_word' id='word_1_236' title='bbox 1317 3578 1346 3654; x_wconf 92' lang='grc'>7,</span> <span class='ocrx_word' id='word_1_237' title='bbox 1371 3578 1423 3656; x_wconf 81' lang='grc'>14;</span> 
     </span>
     <span class='ocr_line' id='line_1_31' title="bbox 244 3672 1312 3760; baseline -0.007 -16"><span class='ocrx_word' id='word_1_238' title='bbox 244 3684 272 3760; x_wconf 90' lang='grc'>7,</span> <span class='ocrx_word' id='word_1_239' title='bbox 295 3679 344 3755; x_wconf 91' lang='grc'>11,</span> <span class='ocrx_word' id='word_1_240' title='bbox 365 3680 400 3756; x_wconf 84' lang='grc'>8;</span> <span class='ocrx_word' id='word_1_241' title='bbox 425 3681 473 3756; x_wconf 83' lang='lat' dir='ltr'>rb,</span> <span class='ocrx_word' id='word_1_242' title='bbox 491 3677 521 3755; x_wconf 90' lang='grc'>8,</span> <span class='ocrx_word' id='word_1_243' title='bbox 544 3673 593 3759; x_wconf 84' lang='grc'>8);</span> <span class='ocrx_word' id='word_1_244' title='bbox 616 3674 644 3739; x_wconf 85' lang='grc'>61</span> <span class='ocrx_word' id='word_1_245' title='bbox 665 3673 840 3738; x_wconf 88' lang='lat' dir='ltr'>numeralia</span> <span class='ocrx_word' id='word_1_246' title='bbox 861 3672 1031 3738; x_wconf 86' lang='lat' dir='ltr'>afferantur</span> <span class='ocrx_word' id='word_1_247' title='bbox 1053 3677 1165 3756; x_wconf 88' lang='lat' dir='ltr'>bisque</span> <span class='ocrx_word' id='word_1_248' title='bbox 1188 3673 1312 3737; x_wconf 86' lang='lat' dir='ltr'>similia.</span> 
     </span>
    </p>

    <p class='ocr_par' dir='ltr' id='par_1_10' title="bbox 241 3772 1424 4460">
     <span class='ocr_line' id='line_1_32' title="bbox 325 3772 1422 3856; baseline -0.004 -16"><span class='ocrx_word' id='word_1_249' title='bbox 325 3776 422 3840; x_wconf 89' lang='lat' dir='ltr'>Porro</span> <span class='ocrx_word' id='word_1_250' title='bbox 455 3775 548 3838; x_wconf 90' lang='lat' dir='ltr'>docet</span> <span class='ocrx_word' id='word_1_251' title='bbox 567 3772 706 3838; x_wconf 81' lang='lat' dir='ltr'>Curtium</span> <span class='ocrx_word' id='word_1_252' title='bbox 729 3773 871 3838; x_wconf 88' lang='lat' dir='ltr'>variandi</span> <span class='ocrx_word' id='word_1_253' title='bbox 895 3792 992 3837; x_wconf 90' lang='lat' dir='ltr'>eausa</span> <span class='ocrx_word' id='word_1_254' title='bbox 1025 3775 1152 3856; x_wconf 87' lang='lat' dir='ltr'>saepius</span> <span class='ocrx_word' id='word_1_255' title='bbox 1173 3774 1327 3838; x_wconf 88' lang='lat' dir='ltr'>sermonis</span> <span class='ocrx_word' id='word_1_256' title='bbox 1350 3791 1422 3837; x_wconf 90' lang='lat' dir='ltr'>oon·</span> 
     </span>
     <span class='ocr_line' id='line_1_33' title="bbox 241 3872 1422 3956; baseline -0.003 -16"><span class='ocrx_word' id='word_1_257' title='bbox 241 3875 424 3940; x_wconf 86' lang='lat' dir='ltr'>cinnitatem</span> <span class='ocrx_word' id='word_1_258' title='bbox 444 3873 625 3956; x_wconf 84' lang='lat' dir='ltr'>neglegere.</span> <span class='ocrx_word' id='word_1_259' title='bbox 665 3872 754 3949; x_wconf 79' lang='lat' dir='ltr'>Quae</span> <span class='ocrx_word' id='word_1_260' title='bbox 776 3874 858 3938; x_wconf 91' lang='lat' dir='ltr'>enim</span> <span class='ocrx_word' id='word_1_261' title='bbox 879 3873 1089 3938; x_wconf 89' lang='lat' dir='ltr'>submissione</span> <span class='ocrx_word' id='word_1_262' title='bbox 1110 3873 1197 3955; x_wconf 91' lang='lat' dir='ltr'>iungi</span> <span class='ocrx_word' id='word_1_263' title='bbox 1218 3872 1349 3954; x_wconf 89' lang='lat' dir='ltr'>soleant,</span> <span class='ocrx_word' id='word_1_264' title='bbox 1367 3891 1422 3937; x_wconf 95' lang='lat' dir='ltr'>no-</span> 
     </span>
     <span class='ocr_line' id='line_1_34' title="bbox 242 3972 1424 4056; baseline -0.001 -17"><span class='ocrx_word' id='word_1_265' title='bbox 242 3976 328 4040; x_wconf 89' lang='lat' dir='ltr'>mina</span> <span class='ocrx_word' id='word_1_266' title='bbox 349 3981 381 4039; x_wconf 91' lang='lat' dir='ltr'>et</span> <span class='ocrx_word' id='word_1_267' title='bbox 402 3974 564 4038; x_wconf 88' lang='lat' dir='ltr'>enuntiata</span> <span class='ocrx_word' id='word_1_268' title='bbox 584 3972 787 4053; x_wconf 86' lang='lat' dir='ltr'>secundaria,</span> <span class='ocrx_word' id='word_1_269' title='bbox 809 3974 888 4037; x_wconf 87' lang='lat' dir='ltr'>varii</span> <span class='ocrx_word' id='word_1_270' title='bbox 910 3973 1036 4055; x_wconf 89' lang='lat' dir='ltr'>generis</span> <span class='ocrx_word' id='word_1_271' title='bbox 1058 3973 1234 4055; x_wconf 89' lang='lat' dir='ltr'>partieipia,</span> <span class='ocrx_word' id='word_1_272' title='bbox 1256 3973 1424 4056; x_wconf 89' lang='lat' dir='ltr'>partieipia</span> 
     </span>
     <span class='ocr_line' id='line_1_35' title="bbox 243 4072 1422 4155; baseline -0.003 -14"><span class='ocrx_word' id='word_1_273' title='bbox 243 4084 275 4141; x_wconf 91' lang='grc'>61</span> <span class='ocrx_word' id='word_1_274' title='bbox 297 4075 459 4140; x_wconf 88' lang='lat' dir='ltr'>enuntiata</span> <span class='ocrx_word' id='word_1_275' title='bbox 481 4073 677 4153; x_wconf 88' lang='lat' dir='ltr'>secundaria,</span> <span class='ocrx_word' id='word_1_276' title='bbox 700 4073 858 4138; x_wconf 87' lang='lat' dir='ltr'>adiectiva</span> <span class='ocrx_word' id='word_1_277' title='bbox 879 4079 910 4137; x_wconf 89' lang='lat' dir='ltr'>et</span> <span class='ocrx_word' id='word_1_278' title='bbox 929 4072 1194 4137; x_wconf 88' lang='lat' dir='ltr'>substantivorum</span> <span class='ocrx_word' id='word_1_279' title='bbox 1216 4090 1308 4137; x_wconf 88' lang='lat' dir='ltr'>casus</span> <span class='ocrx_word' id='word_1_280' title='bbox 1330 4091 1422 4155; x_wconf 88' lang='lat' dir='ltr'>quos·</span> 
     </span>
     <span class='ocr_line' id='line_1_36' title="bbox 242 4172 1424 4256; baseline -0.002 -16"><span class='ocrx_word' id='word_1_281' title='bbox 242 4175 326 4256; x_wconf 86' lang='lat' dir='ltr'>dam,</span> <span class='ocrx_word' id='word_1_282' title='bbox 348 4175 484 4254; x_wconf 91' lang='lat' dir='ltr'>nomina,</span> <span class='ocrx_word' id='word_1_283' title='bbox 507 4173 620 4254; x_wconf 92' lang='lat' dir='ltr'>quibus</span> <span class='ocrx_word' id='word_1_284' title='bbox 641 4172 845 4255; x_wconf 88' lang='lat' dir='ltr'>designentur</span> <span class='ocrx_word' id='word_1_285' title='bbox 860 4172 968 4255; x_wconf 90' lang='lat' dir='ltr'>populi</span> <span class='ocrx_word' id='word_1_286' title='bbox 982 4179 1013 4237; x_wconf 91' lang='grc'>61</span> <span class='ocrx_word' id='word_1_287' title='bbox 1034 4179 1145 4251; x_wconf 88' lang='grc'>166666,</span> <span class='ocrx_word' id='word_1_288' title='bbox 1167 4173 1216 4236; x_wconf 86' lang='grc'>661</span> <span class='ocrx_word' id='word_1_289' title='bbox 1239 4172 1314 4237; x_wconf 88' lang='grc'>16616</span> <span class='ocrx_word' id='word_1_290' title='bbox 1338 4172 1424 4238; x_wconf 89' lang='lat' dir='ltr'>facta</span> 
     </span>
     <span class='ocr_line' id='line_1_37' title="bbox 242 4271 1422 4358; baseline -0.003 -20"><span class='ocrx_word' id='word_1_291' title='bbox 242 4274 435 4358; x_wconf 91' lang='lat' dir='ltr'>interpositis</span> <span class='ocrx_word' id='word_1_292' title='bbox 448 4273 611 4357; x_wconf 90' lang='lat' dir='ltr'>particulis</span> <span class='ocrx_word' id='word_1_293' title='bbox 632 4272 729 4354; x_wconf 92' lang='lat' dir='ltr'>iungi.</span> <span class='ocrx_word' id='word_1_294' title='bbox 753 4272 938 4337; x_wconf 87' lang='lat' dir='ltr'>Huiusmodi</span> <span class='ocrx_word' id='word_1_295' title='bbox 953 4273 1101 4355; x_wconf 85' lang='lat' dir='ltr'>exempla</span> <span class='ocrx_word' id='word_1_296' title='bbox 1113 4271 1314 4354; x_wconf 87' lang='lat' dir='ltr'>conquisivit:</span> <span class='ocrx_word' id='word_1_297' title='bbox 1337 4271 1422 4338; x_wconf 80' lang='lat' dir='ltr'>Ourt.</span> 
     </span>
     <span class='ocr_line' id='line_1_38' title="bbox 243 4374 1154 4460; baseline -0.003 -21"><span class='ocrx_word' id='word_1_298' title='bbox 243 4380 273 4460; x_wconf 88' lang='grc'>4,</span> <span class='ocrx_word' id='word_1_299' title='bbox 297 4381 350 4459; x_wconf 88' lang='grc'>12,</span> <span class='ocrx_word' id='word_1_300' title='bbox 372 4377 405 4456; x_wconf 79' lang='grc'>8;</span> <span class='ocrx_word' id='word_1_301' title='bbox 429 4381 459 4455; x_wconf 90' lang='grc'>7,</span> <span class='ocrx_word' id='word_1_302' title='bbox 482 4381 511 4455; x_wconf 91' lang='grc'>2,</span> <span class='ocrx_word' id='word_1_303' title='bbox 534 4379 590 4452; x_wconf 80' lang='grc'>21;</span> <span class='ocrx_word' id='word_1_304' title='bbox 612 4374 641 4454; x_wconf 87' lang='lat'>8,</span> <span class='ocrx_word' id='word_1_305' title='bbox 664 4378 694 4452; x_wconf 84' lang='grc'>6,</span> <span class='ocrx_word' id='word_1_306' title='bbox 716 4377 771 4453; x_wconf 73' lang='lat'>203</span> <span class='ocrx_word' id='word_1_307' title='bbox 794 4376 823 4454; x_wconf 90' lang='grc'>9,</span> <span class='ocrx_word' id='word_1_308' title='bbox 846 4380 874 4455; x_wconf 88' lang='grc'>2,</span> <span class='ocrx_word' id='word_1_309' title='bbox 901 4381 932 4452; x_wconf 84' lang='grc'>1;</span> <span class='ocrx_word' id='word_1_310' title='bbox 955 4377 984 4455; x_wconf 88' lang='grc'>9,</span> <span class='ocrx_word' id='word_1_311' title='bbox 1009 4377 1037 4456; x_wconf 87' lang='grc'>7,</span> <span class='ocrx_word' id='word_1_312' title='bbox 1064 4378 1090 4439; x_wconf 90' lang='grc'>1,</span> <span class='ocrx_word' id='word_1_313' title='bbox 1116 4408 1154 4419; x_wconf 90' lang='grc'><strong>-</strong></span> 
     </span>
    </p>
   </div>
   <div class='ocr_carea' id='block_1_7' title="bbox 0 0 1533 5130">
    <p class='ocr_par' dir='ltr' id='par_1_11' title="bbox 0 0 1533 5130">
     <span class='ocr_line' id='line_1_39' title="bbox 0 0 1533 5130; baseline 0 0"><span class='ocrx_word' id='word_1_314' title='bbox 0 0 1533 5130; x_wconf 95' lang='lat' dir='ltr'> </span> 
     </span>
    </p>
   </div>
  </div>
 </body>
</html>
