3052 5130
655 608 862 671 „45-

342 785 577 853 attributivivel
590 787 685 852 etiarn
706 787 895 853 substantivi
916 785 1056 868 fungitur
1068 803 1202 868 eumque
1213 784 1352 866 denotat,

341 887 391 952 eui
428 887 494 950 fato
525 887 646 969 aliquid
676 888 870 953 destinatum
899 892 948 951 est
978 891 1010 950 et
1036 885 1085 950 eui
1115 885 1278 950 subeunda
1304 889 1352 948 est

204 1000 208 1006 ·
336 992 422 1052 55115
450 988 605 1068 quaedam
637 988 782 1053 fortuna:

171 1106 237 1173 Liv.
261 1113 289 1190 1,
312 1113 362 1191 29,
385 1113 403 1176 3
425 1108 483 1172 sed
515 1109 672 1174 silentium
694 1112 783 1176 triste
805 1128 843 1174 ae
871 1107 967 1174 taeita
989 1106 1147 1172 maestitia
1177 1107 1222 1172 ita
1243 1107 1352 1172 defixit

426 1208 564 1274 omnium
596 1210 731 1292 animos,-
750 1215 851 1275 ut...
873 1228 955 1274 nuno
982 1208 1014 1272 in
1036 1207 1195 1272 liminibus
1222 1213 1350 1287 starent,

343 1311 345 1315 ’
427 1328 509 1374 5555
530 1309 699 1375 errabundi
734 1311 844 1375 domos
880 1328 954 1374 suas
976 1309 1119 1373 ultimum
1149 1308 1226 1372 illud
1255 1307 1352 1372 visuri

426 1417 685 1492 pervagarentur.

252 1530 321 1595 Η55
339 1528 495 1596 ‘ultimum
518 1530 596 1596 illud
618 1530 723 1598 visuri'
748 1533 791 1597 ad
812 1532 894 1597 bano
911 1531 1172 1614 significationem
1196 1529 1351 1612 quadrare

140 1670 142 1674 »
170 1629 369 1696 confirmatur
389 1630 458 1696 loeo
484 1630 633 1697 Curtiano
669 1640 700 1712 5,
724 1636 771 1715 12,
793 1636 828 1700 8:
865 1633 1067 1713 „Destinatus
1103 1630 1179 1695 sorti
1213 1648 1289 1695 suae
1321 1637 1352 1694 et

169 1730 233 1795 iam
254 1731 368 1796 nullius
389 1730 525 1796 salubris
548 1730 670 1796 eonsilii
690 1733 813 1816 patiens
835 1732 959 1797 uuioam
981 1734 1013 1796 in
1035 1732 1091 1796 illa
1111 1731 1239 1798 fortuna
1259 1749 1351 1814 opem

172 1832 365 1897 Artabazum
386 1832 527 1897 ultimum
548 1830 626 1895 illud
648 1832 771 1896 visurus
792 1831 1021 1915 amplectitur“.

172 1950 240 2024 Liu.
262 1959 290 2034 5,
314 1957 362 2035 39,
386 1957 424 2019 12
445 1952 553 2017 515111
575 1953 843 2036 Capitoliumque,
877 1955 971 2020 sedes
993 1954 1138 2036 deorum,
1160 1953 1188 2018 si
1210 1957 1349 2035 senatus,

446 2060 540 2136 eaput
561 2053 678 2137 publici
700 2053 839 2135 consilii,
862 2055 889 2119 si
910 2053 1053 2119 militaris
1075 2054 1219 2119 iuventus
1241 2072 1350 2137 super-

447 2150 540 2219 fuerit
561 2155 734 2219 imminenti
762 2155 872 2219 ruinae
893 2155 978 2221 urbis
990 2203 999 2236 ‚
1034 2154 1159 2220 facilem
1198 2154 1350 2218 iaeturam

434 2272 518 2325 esse
552 2255 709 2322 seniorum
741 2255 870 2321 reliutae
892 2256 924 2319 in
947 2255 1023 2320 urbe
1053 2255 1161 2337 utique
1191 2253 1349 2337 periturae

449 2355 569 2420 turbae.

255 2477 393 2541 Primum
414 2477 518 2542 looum
540 2477 600 2543 hoe
620 2479 651 2542 in
673 2497 732 2543 usu
754 2477 895 2543 obtinere
918 2476 1063 2541 videntur
1084 2477 1251 2560 partieipia
1272 2477 1351 2560 peri-

172 2581 269 2658 turus,
293 2577 470 2656 maritume,
492 2583 650 2671 uenturus,
673 2597 855 2659 mansurus,
879 2596 966 2659 quae
981 2577 1013 2641 in
1035 2577 1183 2642 adieetivi
1204 2578 1278 2641 iusti
1300 2576 1351 2642 vel

169 2674 359 2740 substantivi
379 2676 641 2760 significationem
664 2677 795 2743 abeunt:

251 2793 452 2875 51151125,
476 2799 503 2871 6,
549 2799 582 2874 9;
605 2795 689 2861 curt.
710 2800 739 2879 6,
763 2797 812 2877 10,
836 2798 893 2875 10,
916 2794 998 2860 Flor.
1021 2795 1046 2875 Ι,
1069 2799 1108 2864 35
1129 2813 1204 2877 pag.
1227 2798 1277 2876 59,

405 2898 517 2978 30,36,
534 2895 582 2961 10.
1009 2896 1050 2978 ll,
1074 2900 1112 2962 18
1134 2915 1209 2980 pag.
1233 2896 1302 2960 110.

169 3015 238 3082 Lirr.
260 3024 289 3100 5,
310 3019 362 3098 48,
384 3021 403 3084 6
424 3017 497 3083 inde
509 3018 590 3083 iuter
601 3019 638 3095 Q.
648 3019 821 3104 Sulpicium
834 3019 991 3085 tribunum
1002 3019 1134 3084 militum
1149 3024 1180 3084 et
1191 3017 1350 3082 Brennum

422 3119 566 3202 regulum
577 3119 737 3185 Gallorum
750 3120 916 3202 eonloquio
928 3125 1088 3185 transacta
1097 3139 1148 3186 res
1161 3125 1209 3184 est
1220 3125 1252 3183 et
1265 3117 1351 3182 mille

426 3218 532 3302 pondo
555 3219 622 3283 auri
645 3221 778 3303 pretium
801 3220 908 3304 populi
941 3219 1087 3303 gentibus
1109 3239 1183 3285 mox
1215 3219 1349 3302 impera-

427 3319 497 3382 turi·
510 3319 637 3383 fantum.

252 3415 393 3493 Quocum
416 3435 591 3500 compares,
614 3420 698 3500 quod
719 3427 768 3484 551
789 3419 875 3503 apud
898 3419 1023 3484 Florum

174 3545 202 3622 1,
223 3543 273 3622 22,
297 3559 371 3624 pag.
395 3543 434 3606 37
456 3539 504 3605 J.:
525 3539 583 3605 sed
604 3547 668 3606 tum
693 3541 818 3623 quidem
839 3541 925 3607 illum
937 3590 946 3622 ,
980 3550 1014 3607 ut
1046 3543 1107 3607 dioi
1140 3542 1233 3625 volgo
1259 3541 1350 3624 solet,

523 3647 576 3705 aut
596 3639 695 3705 iatum
717 3641 802 3706 urbis
823 3642 1035 3724 imperaturae
1057 3648 1111 3708 aut
1131 3642 1231 3727 ipsius
1260 3660 1351 3706 mens

525 3740 609 3804 mala
630 3746 661 3805 et
689 3742 794 3807 aversi
818 3762 838 3807 a
862 3742 1056 3826 Carthagine
1077 3742 1110 3807 di
1138 3743 1170 3806 in
1192 3742 1349 3808 diversum

522 3840 726 3908 abstulerunt.

214 3938 286 4004 Alia
307 3959 325 4004 e
346 3939 448 4019 Livio,
472 3938 588 4022 Curtio,
612 3940 705 4007 Floro
728 3944 788 4008 bue
809 3942 931 4009 inseras
954 3943 1114 4026 exempla:

172 4057 302 4138 Liv.30,
320 4063 368 4140 12,
391 4061 409 4122 2
433 4056 495 4142 (lbi
520 4057 669 4144 Syphax)
695 4108 702 4123 .
726 4109 733 4124 .
757 4107 764 4123 .
787 4060 970 4143 opprimitur
990 4061 1176 4144 capiturque
1198 4064 1229 4124 et
1249 4059 1350 4141 vivus,
1451 4072 1455 4078 ·

428 4158 544 4222 15515111
566 4164 639 4224 5515
661 4160 762 4224 omnis
780 4159 986 4224 Massinissae
1007 4161 1204 4244 praebiturus
1226 4166 1349 4244 speetu·

428 4257 542 4339 culum,
564 4258 606 4323 ad
621 4258 764 4325 Laelium
782 4260 982 4343 pertrahitur.

254 4363 304 4438 30,
321 4361 371 4438 32,
386 4361 422 4438 4;
446 4357 495 4436 40,
518 4361 547 4440 6,
569 4365 598 4426 7.

173 4481 257 4546 0511.
279 4483 309 4561 4,
332 4485 360 4556 9,
382 4484 401 4546 9
422 4480 492 4644 Ifam
512 4488 699 4564 pervenerat
720 4481 839 4547 Arbela
860 4481 979 4563 viuum,
1010 4470 1147 4548 nobil'em
1179 4498 1238 4545 sua
1258 4477 1349 4543 elade

443 4586 578 4646 aeturus.

173 4702 257 4769 0511.
280 4706 309 4786 6,
332 4709 361 4786 5,
382 4705 403 4770 8
424 4703 492 4769 Rex
525 4703 650 4771 omissis
676 4704 879 4788 sponsionum
910 4703 1047 4787 fideique
1082 4701 1266 4788 pignoribus
1296 4719 1348 4767 ve·
